2077 3430
987 307 1277 349 „40-

448 434 493 474 ln
526 435 548 482 ,ξ
571 431 623 471 54
659 434 803 470 orator
835 439 959 468 avum
983 438 1101 467 suum
1128 437 1219 466 esse
1243 424 1435 466 Dioclem
1453 423 1606 465 Zacori
1628 423 1943 476 hierophantae

331 492 458 533 tilium
483 490 596 530 divit.
630 488 729 528 (lum
755 486 1062 538 hierophantae
1086 483 1343 536 dignitatem
1365 482 1408 523 in
1441 486 1571 535 gente
1588 481 1943 535 Eumolpidarum

330 548 628 593 hereditariam
664 546 793 587 fnisse
817 545 929 585 inter
952 554 1094 584 omnes
1118 545 1286 583 constet
1310 541 1510 593 (Hesych.
1535 553 1566 583 s.
1589 553 1628 583 v.
1652 540 1942 594 Εὐμολπίδαι·

328 611 459 651 οὕτως
491 608 530 645 οἵ
569 606 652 645 ἀπὸ
688 604 916 656 Εὐμόλπου
949 602 1184 653 ἐκαλοῦντο,
1230 604 1303 641 τοῦ
1335 600 1508 652 πρώτου
1541 600 1942 653 ῖεροφαντήσαντος·

327 667 468 707 πολλοὶ
513 665 557 703 δὲ
600 664 788 716 γεγόνασι
833 662 1052 713 ὁμώνιηιιοι
1096 659 1328 712 Εὐμόλποι.
1390 657 1530 700 Schol.
1553 658 1752 700 Aeschin.
1775 658 1844 700 ΠΙ
1868 657 1943 699 182

329 725 563 776 insequimur
604 722 680 774 μὲν
722 725 793 773 τῆς
827 720 1047 772 41ήμητρος
1089 718 1174 758 ἀπὸ
1207 717 1506 770 Εὐμολπιδῶν,
1551 717 1756 770 δᾳδοῦχοι
1789 717 1825 758 δ’
1859 717 1944 758 ἀπὸ

333 770 542 836 Κηρύκων
576 781 627 821 cf.
650 781 699 820 A.
723 780 964 829 Mommsen,
998 777 1128 818 Feste
1161 777 1236 817 der
1268 775 1397 818 Stadt
1428 775 1586 827 Athen,
1618 775 1801 829 Leipzig
1819 775 1944 828 1898,

329 856 365 894 p.
389 842 483 891 25³,
515 839 697 890 'Fiipffen
720 839 811 879 Att.
834 835 1107 888 Genealogie,
1139 835 1288 877 Berlin
1313 834 1438 887 1889,
1469 847 1508 886 p.
1531 833 1613 886 53),
1645 833 1683 876 is
1715 834 1788 886 qui
1811 834 1946 877 verba

331 900 430 941 favit
467 912 511 939 se
544 896 840 948 Eumolpidam
874 907 966 936 esse
999 894 1065 935 his
1098 894 1243 935 verbis
1276 897 1426 946 aperte
1459 893 1661 935 ostendit.

446 959 506 998 Ae
540 969 690 997 revera
723 955 855 996 totins
878 953 1085 995 orationis
1117 965 1251 1006 genus
1275 951 1444 994 dicendi
1466 952 1735 993 sacerdotem
1767 964 1790 993 e
1811 951 1946 994 nobili

329 1021 456 1066 gente
499 1021 636 1056 ortum
679 1014 854 1055 redolet.
918 1012 1092 1053 Minime
1134 1011 1302 1064 probat,
1345 1011 1456 1063 quod
1500 1010 1730 1063 populares
1761 1010 1947 1064 triginta

332 1074 525 1127 tyrannis
548 1072 735 1125 expulsis
758 1072 950 1113 omnibus
973 1071 1181 1121 exulibus,
1215 1073 1263 1112 ut
1285 1070 1488 1122 redirent,
1520 1069 1807 1122 permiserunt
1828 1069 1852 1123 ξ
1873 1068 1946 1110 13;

330 1134 423 1178 τοὺς
454 1133 530 1185 μὲν
571 1131 644 1171 οὖν
687 1131 836 1175 ἄλλους
868 1131 907 1170 οἱ
948 1130 1206 1177 ἐπιτάξαντες
1251 1129 1562 1176 καταδέξασθαι
1608 1129 1799 1170 ἀδικοῦσι
1830 1125 1948 1184 <καὶ>

332 1197 402 1231 τοῦ
434 1193 560 1231 αὐτοῦ
593 1191 855 1243 ἀσεβήματος
886 1189 1008 1228 αἰζηοί
1046 1189 1155 1230 εἰσιν.
1219 1187 1311 1241 Quo
1354 1187 1413 1229 sit
1455 1187 1607 1239 animo,
1649 1187 1748 1229 inde
1780 1199 1949 1239 quoque

331 1254 524 1302 apparet,
558 1249 668 1300 quod
692 1249 963 1300 Areopagum
986 1247 1152 1300 magnis
1186 1247 1311 1289 effert
1342 1246 1542 1288 laudibus
1574 1246 1597 1300 ξ
1622 1246 1693 1288 14;
1727 1247 1770 1287 ἐν
1801 1246 1949 1299 Ἀρείῳ

329 1311 452 1360 πάγῳ
494 1312 551 1360 τῷ
598 1308 836 1360 σεμνοτάτῳ
883 1306 952 1346 καὶ
999 1306 1246 1358 δικαιοτάτῳ
1294 1306 1558 1359 δικαστηρίῳ,
1611 1317 1734 1357 quem
1782 1317 1950 1358 semper

331 1367 542 1408 nobilibus
595 1366 755 1407 favisse
802 1377 922 1406 nemo
969 1364 1118 1406 nescit.
1192 1365 1337 1416 Atque
1390 1376 1485 1406 eum
1536 1364 1805 1407 sacerdotem
1856 1375 1949 1406 esse

330 1437 607 1476 unaquaeque
630 1424 720 1466 fere
752 1423 1050 1476 paragraphus
1073 1424 1216 1475 docet;
1231 1423 1259 1475 3)
1292 1423 1401 1465 nihil
1425 1422 1645 1475 antiquius
1667 1423 1800 1465 habet
1823 1434 1950 1475 quam

331 1490 377 1525 ut
410 1485 461 1525 de
503 1483 709 1535 religione
754 1483 886 1524 verba
933 1482 1089 1523 faciat:
1143 1483 1256 1535 deos,
1304 1482 1457 1535 inquit,
1508 1482 1646 1524 dirum
1693 1481 1950 1535 supplicium

328 1556 494 1584 sumere
526 1543 578 1584 ab
612 1542 674 1594 iis,
707 1542 778 1593 qui
813 1542 854 1582 in
877 1554 921 1582 se
944 1541 1226 1594 deliquerint3
1257 1541 1437 1594 proinde
1458 1541 1622 1583 iudices
1644 1553 1697 1583 ne
1720 1540 1950 1583 clementia

333 1606 508 1643 utantur
541 1601 580 1642 in
614 1601 885 1652 Andocidem,
928 1601 1002 1642 sed
1035 1601 1182 1641 eadem
1224 1600 1463 1642 severitate
1494 1600 1539 1642 in
1571 1600 1723 1653 impios
1756 1600 1947 1642 animad-

331 1665 505 1701 vertant
537 1672 620 1711 ‹1ua
652 1659 832 1700 maiores
855 1659 918 1712 (ἓξ
941 1659 978 1711 3,
1015 1658 1079 1711 10,
1111 1659 1200 1711 5Ο);
1233 1671 1315 1711 quo
1339 1659 1480 1701 animo
1507 1663 1673 1713 mystas
1696 1662 1949 1711 ceterosque

332 1719 529 1769 Graecos,
572 1718 642 1769 qui
685 1719 738 1759 ad
771 1718 937 1759 Cereris
979 1718 1186 1770 mysteria
1227 1718 1377 1760 venire
1420 1718 1599 1770 soleant,
1647 1718 1812 1760 laturos
1856 1729 1950 1759 esse

331 1777 591 1819 Andocidem
624 1777 851 1819 liberatum
885 1780 1014 1828 atque
1042 1777 1308 1829 provinciam
1335 1778 1539 1831 ἄρχοντος
1560 1777 1766 1831 βασιλέως
1797 1780 1948 1818 nactu-

333 1837 439 1877 rum!
473 1836 534 1889 (ἕὲ
556 1836 594 1887 4,
626 1836 677 1887 5),
711 1835 871 1877 iudices
903 1836 1016 1888 ipsos
1038 1836 1260 1878 Andocide
1293 1836 1490 1878 absoluto
1523 1837 1697 1878 deorum
1730 1836 1874 1878 odium
1905 1835 1949 1877 in

332 1909 376 1935 se
412 1895 655 1935 incensuros
688 1907 780 1936 esse
823 1895 1043 1936 contendit
1075 1896 1111 1948 (ξ
1133 1894 1215 1948 53),
1258 1895 1415 1937 iterum
1459 1899 1591 1947 atque
1632 1895 1790 1937 iterum
1822 1900 1950 1948 urget

333 1953 563 1994 Andocidis
597 1953 860 2005 impietatem
883 1954 945 2007 (gg
970 1954 1035 2006 11,
1061 1954 1125 2005 17,
1150 1954 1216 2006 19,
1239 1954 1321 2007 51),
1354 1958 1509 2008 monet,
1541 1966 1594 1996 ne
1618 1954 1712 2006 quis
1735 1953 1950 1996 felicitate

333 2016 538 2063 respecta,
562 2024 645 2063 qua
668 2024 764 2053 reus
786 2012 848 2053 uti
872 2012 1083 2064 videatur,
1116 2014 1170 2054 ad
1193 2025 1348 2054 vanam
1371 2013 1490 2055 illam
1512 2013 1753 2066 opinionem
1775 2012 1948 2055 delaba-

335 2076 414 2121 tur,
447 2075 494 2111 nt
525 2072 625 2111 deos
657 2083 739 2112 non
772 2083 864 2112 esse
897 2074 1020 2123 putet
1052 2072 1089 2125 (ξ
1112 2072 1199 2123 32);
1233 2073 1285 2113 de
1318 2072 1367 2126 ἕξ
1394 2073 1413 2113 1
1450 2076 1494 2114 et
1527 2072 1594 2125 20,
1627 2072 1782 2124 quibus
1815 2072 1951 2114 verba

336 2129 439 2169 favit
472 2130 522 2169 (le
555 2129 746 2171 vindicta
778 2131 962 2182 deorum,
994 2130 1079 2172 iam
1111 2143 1242 2183 supra
1274 2131 1364 2172 dixi
1397 2144 1435 2183 p.
1459 2131 1526 2184 27,
1545 2131 1600 2173 35
1613 2143 1686 2184 sq.,
1720 2135 1950 2184 praeterea

335 2188 529 2229 conferas
561 2200 717 2239 quaeso
750 2188 871 2242 331:
914 2191 939 2229 ἃ
972 2190 1106 2243 τούτῳ
1137 2190 1161 2230 ὁ
1202 2190 1304 2236 ’θεὸς
1335 2191 1414 2231 οὐκ
1458 2191 1523 2231 ἐπὶ
1555 2191 1741 2244 σωτηρίᾳ
1773 2191 1951 2231 ἐπινοεῖν

336 2247 516 2293 δίδωσιν,
550 2247 649 2287 ἀλλὰ
682 2249 997 2300 τιμωρούμενος
1018 2252 1102 2289 τῶν
1134 2250 1424 2302 γεγενημένων
1461 2250 1740 2303 ἀσεβημάτων
1773 2252 1816 2290 et
1839 2247 1953 2303 §33:

339 2304 412 2349 Ia‘z'g
454 2310 648 2345 τοσοῦτον
691 2306 735 2345 δὲ
777 2307 1062 2360 ἀναισχυντίας
1105 2308 1285 2360 ἀφῖκται,
1329 2309 1466 2349 ὥστε.
1490 2342 1497 2350 .
1521 2342 1529 2350 .
1562 2309 1631 2348 καὶ
1676 2308 1953 2361 συμβουλεύει

336 2364 391 2405 εἰς
423 2363 494 2416 τὴν
524 2364 681 2416 βουλὴν
722 2366 859 2405 εἰσιὼν
900 2366 994 2417 περὶ
1036 2367 1198 2407 θυσιῶν
1239 2367 1310 2407 καὶ
1340 2367 1572 2419 προσόδων
1611 2367 1681 2408 καὶ
1713 2368 1851 2420 εὐχῶν
1884 2367 1954 2407 καὶ

336 2426 551 2473 μαντειῶν.
573 2425 700 2462 καίτοι
724 2424 857 2475 τούτῳ
879 2425 1121 2474 πειθόμενοι
1143 2426 1279 2471 ποίοις
1302 2426 1417 2471 θεοῖς
1440 2427 1649 2479 ἡγήσεσθε
1671 2427 1953 2479 κεχαρισμένα

337 2485 485 2531 ποιεῑν;
526 2482 583 2534 μὴ
630 2482 707 2533 γὰρ
750 2484 898 2536 οἴεσθε,
942 2482 978 2523 ὦ
1011 2484 1161 2536 ἄνδρες
1205 2484 1402 2531 δικασταί,
1447 2487 1480 2525 εἷ
1522 2486 1638 2538 ὑμεῖς
1669 2485 1876 2538 βούλεσθε
1906 2485 1954 2525 τὰ

338 2540 469 2591 τούτῳ
501 2542 755 2593 πεποιημένα
789 2542 1071 2589 ἐπιλαθέσθαι,
1103 2543 1174 2583 καὶ
1204 2543 1300 2588 τοὺς
1332 2543 1460 2589 θεοὺς
1492 2544 1769 2597 ἐπιλήσεσθαι.

456 2600 573 2649 Quae
621 2599 756 2640 onmia
807 2600 1010 2642 exhibent
1058 2601 1201 2643 vivam
1248 2602 1478 2655 imaginem
1520 2603 1604 2644 viri
1651 2602 1828 2654 strenui,
1881 2602 1955 2654 qui

341 2655 532 2706 pristinis
556 2663 721 2708 patrum
742 2658 954 2700 institutis
977 2664 1020 2701 et
1043 2673 1193 2702 severo
1213 2661 1384 2713 ingenio
1408 2661 1596 2704 imbutus
1619 2674 1713 2703 cum
1731 2661 1955 2703 anxietate

341 2716 519 2764 quadam
568 2721 696 2767 atque
743 2730 902 2758 summo
950 2731 1042 2759 cum
1090 2732 1282 2761 maerore
1334 2720 1559 2772 pristinam
1613 2720 1864 2774 religionem
1912 2723 1956 2761 et

341 2773 496 2813 vultum
531 2775 853 2816 Atheniensium
889 2777 928 2817 in
974 2778 1127 2829 populo
1161 2778 1202 2819 in
1236 2779 1327 2820 dies
1360 2779 1496 2832 magis
1530 2791 1791 2821 evanescere
1823 2782 1955 2830 atque

341 2843 470 2870 novos
504 2845 649 2885 mores,
682 2846 792 2875 nova
831 2836 1019 2888 consilia,
1062 2849 1195 2878 novas
1238 2838 1428 2879 rationes
1471 2851 1546 2890 pro
1580 2838 1767 2880 vetustis
1799 2838 1954 2890 proba-

466 2961 480 3001 ²)
512 2962 616 2995 ltu-*te
644 2963 685 2995 ‹lv
715 2964 958 2999 Wilamowitz
986 2966 1006 2999 l.
1027 2978 1055 3000 e.
1085 2977 1144 3006 „er
1171 2967 1275 3001 trieft
1302 2978 1370 3002 von
1398 2967 1672 3012 priesterlicher
1698 2968 1897 3013 Salbung¹¹.
