2077 3430
78 486 258 535 propter
298 495 526 535 puerorum
568 496 733 526 amores
782 484 922 537 poetis
965 484 1136 526 comicis
1180 496 1289 525 anno
1332 484 1423 525 fere
1464 483 1549 524 423
1590 483 1699 525 ludi-

79 541 173 584 brio
206 541 302 583 fuit.

199 601 237 651 d)
271 600 397 642 huius
438 600 571 642 filium
613 602 830 655 Meletum,
878 601 950 653 qui
997 614 1106 642 anno
1149 601 1233 642 399
1279 601 1498 643 Socratem
1544 600 1588 642 in
1634 600 1700 641 ius

79 659 269 701 vocavit.
331 659 445 701 Huic
477 672 531 701 an
563 660 679 712 patri
713 661 803 702 eius
835 660 1097 702 vindicanda
1140 660 1228 701 sint
1268 660 1402 701 scolia
1435 664 1478 701 et
1511 659 1700 701 carmina

80 718 305 769 amatoria,
338 717 559 760 incertum.

200 780 235 825 e)
268 777 473 818 Meletum
505 778 771 819 sacerdotem
805 790 857 819 ex
879 777 1231 829 Eumolpidarum
1263 780 1392 830 gente
1443 780 1596 828 ortum,
1628 776 1701 827 qui

81 847 192 878 anno
225 835 310 876 403
342 848 516 877 munere
547 836 778 889 legationis
811 836 985 878 functus
1009 836 1156 887 quinto
1189 848 1298 877 anno
1320 839 1418 888 post
1439 835 1701 876 Andocidem

80 895 271 948 ἀσεβείας
301 907 420 936 reum
452 894 568 937 fecit.

199 952 320 1006 Quae
353 966 446 995 cum
477 953 541 995 ita
572 953 671 1006 sint,
714 953 974 1005 posteriores
1011 953 1183 1005 saepius
1224 953 1268 994 in
1301 964 1466 994 errores
1498 951 1699 993 incidisse

83 1016 128 1054 et
158 1024 365 1064 personas
396 1012 522 1054 huius
553 1012 736 1054 nominis
772 1012 942 1054 illorum
984 1015 1222 1064 temporum
1267 1011 1508 1052 confudisse
1549 1010 1701 1051 mirum

79 1083 165 1113 non
197 1074 274 1112 est.

201 1129 366 1182 Quibus
399 1142 537 1182 pauca
569 1130 726 1171 addere
758 1129 889 1171 liceat
931 1130 983 1170 de
1024 1128 1102 1170 illa
1133 1128 1395 1181 quaestione,
1438 1127 1532 1179 quis
1574 1127 1700 1168 huius

81 1188 290 1231 orationis
323 1193 475 1230 auctor
506 1189 575 1230 sit.
637 1189 782 1240 Atque
814 1188 1009 1240 equidem
1041 1187 1247 1229 Meletum
1289 1199 1382 1228 eam
1425 1191 1469 1227 et
1499 1186 1702 1227 habuisse

83 1252 128 1290 et
150 1247 456 1300 conscripsisse
478 1252 594 1300 puto,
618 1260 722 1300 cum,
745 1251 794 1288 ut
815 1259 947 1299 supra
969 1246 1058 1288 dixi
1080 1259 1119 1298 p.
1137 1245 1194 1287 40
1217 1258 1319 1297 sqq,
1341 1244 1477 1286 totius
1494 1244 1702 1286 orationis

83 1306 200 1349 color
233 1311 277 1348 et
309 1307 441 1348 dictio
474 1307 742 1348 sacerdotem
774 1305 1126 1358 oligarchumque
1157 1304 1397 1355 redoleant3
1430 1304 1543 1354 quod
1575 1315 1700 1355 argu-

80 1369 272 1407 mentum
303 1378 388 1407 non
418 1365 599 1407 multum
631 1365 832 1417 ponderis
863 1365 1024 1406 habere
1056 1363 1186 1404 facile
1218 1363 1419 1414 conced03
1450 1373 1587 1413 neque
1609 1361 1702 1402 fieri

80 1425 274 1478 potuisse
306 1437 428 1478 nego,
460 1429 509 1466 ut
540 1424 831 1477 logographus
865 1423 1036 1474 quidam
1067 1422 1176 1463 mira
1215 1434 1317 1463 sane
1350 1433 1442 1462 cum
1475 1420 1702 1472 ethopoeia

81 1496 175 1526 eam
217 1496 294 1536 pro
338 1484 498 1525 Melete
543 1482 843 1524 conscriberet.
905 1481 989 1523 Sed
1030 1481 1264 1522 reiicienda
1306 1483 1372 1521 est
1412 1479 1490 1520 Th.
1520 1478 1701 1531 Bergkii

81 1543 312 1596 sententia,
345 1542 418 1594 qui
439 1542 506 1595 iis,
539 1554 648 1593 quae
671 1542 785 1593 apud
808 1540 982 1582 Suidam
1004 1552 1035 1581 s.
1057 1552 1097 1581 v.
1134 1538 1362 1591 Θεόδωρος
1393 1541 1509 1579 sunt:
1542 1539 1703 1590 ἔγραψε

80 1602 186 1643 κατὰ
225 1601 544 1655 Θρασυβούλου,
586 1600 691 1641 κατὰ
723 1600 967 1640 Ἀνδοκίδου
999 1599 1069 1639 καὶ
1101 1599 1203 1638 ἄλλα
1234 1598 1321 1638 τινά
1355 1596 1620 1648 (Bernhardy
1642 1596 1702 1636 Ib

85 1660 214 1713 1137)
248 1661 460 1702 adductus
493 1663 570 1712 est,
612 1662 661 1700 ut
703 1659 814 1700 hanc
858 1657 1094 1699 orationem
1125 1655 1339 1698 Theodori
1370 1654 1573 1707 Byzantii
1611 1666 1704 1695 esse

81 1720 373 1762 arbitraretur
418 1719 493 1770 (IV
524 1731 562 1771 p.
593 1718 690 1770 356)
734 1717 871 1770 Quam
910 1716 1151 1768 opinionem
1181 1727 1328 1757 veram
1372 1725 1464 1755 esse
1506 1712 1703 1754 evincere

81 1779 250 1822 studuit
281 1778 332 1820 E.
353 1779 537 1829 Drerup.
600 1777 712 1825 (Jbb.
735 1776 764 1818 f.
786 1776 844 1817 kl.
866 1775 977 1817 Phil.
999 1774 1176 1816 XXVII
1207 1773 1343 1825 suppl.
1366 1772 1448 1813 337
1473 1781 1589 1824 sqq),
1628 1771 1704 1812 sed

85 1851 179 1880 eam
211 1842 330 1880 stare
361 1850 446 1879 non
477 1848 602 1889 posse
633 1836 682 1877 E.
705 1835 874 1886 Drerup
897 1834 1035 1886 ipsum
1058 1832 1295 1874 ostendisse
1317 1835 1431 1883 puto.
1485 1829 1704 1871 Concessit

85 1898 197 1940 enim
219 1897 288 1939 vir
321 1897 472 1938 doctus
505 1895 741 1937 orationem
775 1897 895 1935 certa
923 1896 1054 1944 atque
1077 1895 1229 1943 aperta
1251 1889 1529 1942 dispositione
1550 1888 1703 1929 mirum

82 1957 129 1999 in
160 1957 330 1998 modum
364 1967 523 2007 carere,
565 1954 833 1995 Theodorum
873 1955 1017 1993 autem
1048 1950 1167 1992 illum
1199 1949 1348 1991 subtili
1391 1951 1434 1989 et
1476 1951 1704 1988 accuratae

88 2015 364 2068 dispositioni
397 2013 726 2067 diligentissime
758 2023 929 2064 operam
962 2009 1130 2051 dedisse
1153 2020 1295 2050 omnes
1318 2010 1514 2049 auctores
1537 2005 1703 2056 antiqui

86 2075 319 2127 affirmant,
365 2073 438 2125 qui
483 2072 652 2124 quidem
696 2071 786 2112 eius
827 2069 1086 2111 mentionem
1127 2067 1294 2109 faciunt
1335 2066 1397 2117 (E.
1419 2065 1588 2116 Drerup
1621 2064 1646 2104 l.
1670 2076 1703 2104 c.

207 2193 335 2234 Plato
379 2191 437 2243 (in
468 2190 652 2232 Phaedr.
683 2188 812 2229 266d
843 2190 946 2238 sqq.)
991 2198 1085 2227 eum
1126 2185 1170 2225 in
1212 2183 1404 2225 oratione
1446 2193 1530 2222 non
1570 2180 1705 2221 solum

81 2254 309 2306 προοίμιον
343 2255 387 2293 et
420 2251 608 2303 διήγησιν
641 2260 733 2289 cum
764 2246 1022 2300 μαρτυρίαις,
1063 2244 1264 2296 τεκμήρια
1298 2246 1342 2283 et
1378 2241 1513 2281 εἰκότα
1547 2239 1703 2280 discre-

84 2312 204 2354 visse
235 2309 466 2352 memoriae
498 2307 699 2360 prodidit,
731 2317 879 2347 verum
913 2303 1042 2346 etiam
1074 2302 1118 2343 in
1151 2299 1415 2354 argumentis
1445 2299 1637 2338 πιστώσει
1660 2301 1705 2338 et

87 2371 362 2416 ε’πιπιστώσει,
396 2369 553 2421 ἐλέγχῳ
586 2370 631 2408 et
663 2365 920 2417 ἕπεξελέγχῳ
951 2374 1073 2404 usum
1106 2372 1198 2402 esse
1231 2363 1274 2400 et
1305 2359 1350 2399 in
1381 2356 1627 2399 defensione
1660 2360 1703 2397 et

86 2430 130 2471 ill
165 2428 452 2479 accusatione,
499 2438 631 2478 quare
670 2436 764 2466 eum
804 2423 875 2463 τὸν
907 2422 1112 2475 βέλτιστον
1143 2417 1443 2471 λογοδαίδαλον
1474 2415 1706 2462 Βυζάντιον

84 2488 288 2541 appellat.
342 2486 410 2538 (cf.
433 2485 517 2528 Cic.
539 2485 661 2526 Brut.
684 2483 758 2524 39:
795 2480 1088 2534 „Theodorum
1119 2478 1219 2518 inde
1240 2475 1498 2530 Byzantium
1528 2473 1703 2514 multos-

83 2560 167 2600 que
199 2547 319 2599 alios,
352 2557 457 2597 quos
488 2542 816 2597 λογοὸαιὸάλους
849 2538 1041 2591 appellat
1072 2537 1116 2578 in
1146 2536 1344 2578 Phaedro
1377 2533 1601 2583 Socrates).

202 2608 349 2657 Atque
389 2604 503 2645 idem
544 2603 699 2644 docent
737 2598 996 2641 Aristoteles
1037 2596 1082 2637 in
1119 2595 1246 2636 Rhet.
1268 2593 1336 2635 111
1362 2592 1424 2632 13.
1460 2591 1606 2631 141410
1632 2589 1703 2630 13:

83 2667 194 2707 ἔσται
227 2664 313 2717 οὖν,
346 2665 396 2704 ἄν
427 2679 484 2708 τις
515 2662 563 2702 τὰ
585 2664 751 2702 τοιαῦτα
777 2659 927 2710 διαιρῇ,
962 2657 1064 2708 ὅπερ
1088 2655 1258 2695 ἐποίουν
1280 2651 1433 2703 οἱπερὶ
1461 2649 1701 2700 Θεόδωρον,

84 2725 273 2779 διήγησις
315 2725 457 2775 ἕτερον
500 2721 570 2761 καὶ
612 2719 865 2771 ἓπιδιήγησις
907 2715 977 2756 καὶ
1018 2713 1290 2766 προδιήγησις
1332 2710 1401 2750 καὶ
1440 2709 1603 2760 ἔλεγχος
1633 2706 1704 2746 καὶ

84 2784 364 2836 ἕπεξέλεγχος,
410 2785 455 2823 et
487 2780 647 2825 Cicero,
690 2778 812 2819 Brut.
835 2774 909 2815 48:
952 2785 1050 2814 nam
1082 2771 1257 2824 Lysiam
1297 2767 1490 2821 profiteri
1531 2765 1704 2807 solitum

85 2847 223 2885 artem
256 2840 438 2892 dicendi,
471 2839 636 2891 deinde,
670 2836 781 2887 quod
803 2833 1053 2875 Theodorus
1076 2832 1187 2871 esset
1220 2829 1264 2869 in
1297 2830 1391 2868 arte
1421 2824 1703 2867 subtilior...

204 2901 320 2954 Quos
351 2900 468 2941 locos
500 2894 747 2949 inspicienti
779 2892 1049 2945 perspicuum
1092 2900 1184 2930 esse
1226 2897 1375 2927 censeo
1406 2884 1527 2935 hane,
1577 2893 1703 2932 quam

207 3031 245 3075 ¹⁵³)
273 3041 366 3075 quae
391 3027 591 3074 probabilis
609 3026 690 3062 visa
716 3029 772 3059 est
797 3024 836 3058 L.
856 3023 895 3057 P.
914 3020 1097 3064 Roegholt
1122 3029 1155 3063 p.
1176 3015 1218 3050 12
1245 3020 1282 3051 et
1299 3016 1342 3050 V.
1362 3012 1556 3104 gahugd&
1573 3022 1606 3055 p.
1624 3009 1704 3044 372.

584 3142 598 3163 Υ
