2077 3430
989 322 1282 362 -12-„

443 441 548 482 Tale
582 440 834 492 psephisma,
868 439 987 480 cuius
1018 439 1230 480 rationem
1263 451 1372 480 anno
1395 438 1480 480 403
1508 440 1714 498 permulti
1747 452 1831 482 non
1863 440 1948 482 iam

325 501 434 542 satis
457 502 780 552 perspexerunt,
813 502 903 539 tum
935 498 978 539 vi
1012 498 1120 551 legis
1154 498 1411 539 instructum
1445 510 1538 539 esse
1570 511 1596 539 a
1626 511 1729 540 vero
1763 499 1949 540 alienum

325 560 509 604 videtur,
553 557 806 609 praesertim
840 569 932 597 cum
975 556 1018 597 in
1064 569 1146 608 eos,
1189 556 1261 607 qui
1307 556 1527 609 religionis
1571 557 1715 599 laesae
1761 557 1948 599 convicti

325 622 460 668 erant,
503 617 594 657 sive
628 615 811 657 confessi
845 619 969 656 erant
1001 616 1094 656 sive
1126 627 1220 667 non,
1259 615 1409 656 mortis
1441 615 1696 668 supplicium
1729 616 1814 658 iam
1847 616 1947 657 olim

325 678 419 725 lege
443 675 723 716 constitutum
747 679 881 725 esset;
915 678 1045 725 atque
1067 686 1113 714 re
1135 686 1241 715 vera
1270 686 1380 715 anno
1403 674 1488 715 415
1520 675 1759 728 nonnullos,
1794 675 1949 727 quibus

325 741 373 776 ut
406 734 675 786 aufugerent,
719 745 802 774 non
846 732 1041 785 contigit,
1084 732 1297 774 carnificis
1340 745 1467 774 manu
1510 733 1738 786 interiisse,
1783 737 1950 775 ceteros

325 795 525 835 absentes
559 791 714 844 capitis
743 792 968 832 damnatos
1001 803 1093 832 esse
1125 794 1275 832 narrat
1298 792 1542 833 Andocides
1565 792 1585 833 I
1612 792 1675 834 13.
1702 792 1767 834 15.
1792 792 1857 834 16.
1881 792 1948 834 34.

442 851 624 892 Accedit
652 850 791 891 altera
819 850 953 891 ratio:
987 862 1039 891 ex
1061 850 1206 892 verbis
1228 850 1363 902 ipsius
1387 851 1651 892 accusatoris
1673 851 1768 892 luce
1790 851 1949 893 clarius

324 916 391 952 est
423 911 513 951 litis
547 915 738 961 tempore
769 921 908 960 neque
940 908 1176 950 Isotimidis
1208 909 1453 961 psephisma
1494 921 1633 961 neque
1670 909 1808 963 legem
1850 910 1950 952 inde

324 974 463 1011 ortam
497 974 635 1010 ratam
669 968 813 1009 fuisse.
866 968 1148 1021 Paragrapho
1183 968 1293 1009 enini
1327 968 1370 1009 9ει
1401 969 1471 1010 Ρ3.
1493 968 1593 1021 Lys.
1617 969 1690 1010 VI.
1723 973 1950 1010 accusator

324 1029 539 1070 exclamat
583 1040 630 1068 eo
673 1027 929 1068 insolentiae
961 1027 1221 1079 processisse
1252 1027 1527 1080 Andocidem,
1571 1031 1619 1068 ut
1650 1027 1789 1081 legem
1821 1028 1873 1069 de
1905 1039 1951 1069 30

325 1087 540 1129 conditam
574 1085 741 1127 irritam
781 1086 943 1127 factam
986 1098 1079 1127 esse
1121 1085 1370 1139 affirmaret,
1413 1089 1544 1138 atque
1587 1089 1814 1139 exspectas
1855 1099 1949 1128 ora-

324 1151 461 1187 torem
494 1146 601 1186 illud
623 1144 869 1197 psephisma
891 1144 1063 1186 minime
1086 1145 1303 1186 sublatum
1327 1157 1420 1187 esse
1443 1145 1658 1186 iudicibus
1681 1148 1951 1187 ostenturum

324 1206 453 1257 idque
497 1204 711 1256 expressis
755 1203 901 1245 verbis
948 1204 1232 1245 recitaturum
1275 1216 1379 1246 esse.
1452 1204 1535 1245 Sed
1578 1204 1689 1246 hanc
1729 1216 1819 1245 rem
1861 1204 1950 1246 alto

323 1263 496 1306 silentio
529 1275 725 1315 mergens
747 1262 911 1304 iudices
933 1266 1088 1316 monet,
1121 1266 1170 1304 ut
1190 1263 1373 1304 Periclis
1395 1263 1622 1305 verborum
1655 1263 1949 1305 meminerint:

322 1325 453 1364 καίτοι
486 1322 694 1375 Περικλέα
726 1323 827 1362 ποτέ
858 1337 960 1375 φασι
993 1323 1238 1374 παραινέσαι
1269 1323 1367 1375 ὑμῖν
1407 1322 1501 1375 περὶ
1543 1326 1628 1363 τῶν
1670 1323 1949 1376 ἀσεβούντων,

321 1383 381 1435 μὴ
414 1382 548 1434 μόνον
580 1382 764 1434 χρῆσθαι
798 1385 880 1426 τοῖς
912 1381 1216 1434 γεγραμμένοις
1247 1382 1394 1434 νόμοις
1424 1381 1518 1434 περὶ
1550 1382 1702 1427 αὐτῶν,
1745 1381 1848 1421 ἀλλὰ
1881 1381 1951 1421 καὶ

322 1446 405 1486 τοῖς
438 1441 657 1493 ἀγράφοις,
690 1440 790 1480 καθ’
820 1441 894 1486 οὓς
924 1439 1191 1493 Εὐμολπίδαι
1224 1441 1477 1494 ἐξηγοῦνται.
1540 1440 1664 1482 Unde
1697 1439 1950 1481 concludere

323 1501 426 1542 licet
471 1512 565 1541 eum
607 1499 714 1540 illud
751 1499 988 1541 Andocidis
1030 1501 1328 1552 argumentum
1370 1499 1672 1552 gravissimum
1715 1498 1951 1540 dissolvere

322 1572 406 1600 non
438 1558 641 1611 potuisse.
705 1556 866 1608 Quibus
900 1559 951 1599 de
985 1558 1124 1599 causis
1158 1558 1402 1600 Schreineri
1434 1557 1636 1600 iudicium
1679 1570 1829 1610 parum
1861 1562 1949 1599 sta-

323 1618 494 1659 bilitum
525 1617 631 1659 mihi
663 1617 848 1659 videtur.

442 1676 525 1719 Sed
547 1677 632 1718 iam
655 1677 709 1718 ad
732 1676 968 1718 orationem
992 1676 1128 1729 ipsam
1149 1677 1384 1718 redeamus.
1418 1675 1555 1729 Quam
1577 1676 1621 1717 in
1642 1676 1721 1718 lite
1743 1675 1845 1717 anni
1862 1674 1948 1716 399

325 1736 518 1778 habitam
553 1739 640 1788 aut,
683 1735 806 1787 quasi
840 1739 954 1777 esset
986 1735 1149 1787 habita,
1190 1735 1335 1777 fictam
1378 1747 1472 1777 esse
1509 1735 1649 1776 adhuc
1690 1746 1834 1776 omnes
1866 1734 1951 1776 viri

323 1795 440 1837 docti
474 1798 798 1847 concesserunt3
831 1795 903 1836 cui'
932 1794 1175 1836 sententiae
1206 1798 1422 1847 repugnat
1454 1794 1608 1847 opinio,
1641 1806 1767 1846 quam
1794 1805 1949 1846 nuper-

322 1855 429 1896 rime
471 1855 607 1896 Zacas
639 1854 665 1895 l.
697 1854 722 1896 l.
755 1853 959 1906 protulit3
1005 1857 1139 1907 negat
1181 1853 1293 1895 enim
1335 1853 1571 1895 orationem
1614 1857 1814 1905 spectare
1857 1864 1950 1894 eam

324 1914 456 1966 litem,
488 1913 532 1954 in
565 1925 650 1965 qua
671 1913 915 1954 Andocides
947 1914 999 1954 de
1030 1912 1249 1965 mysteriis
1281 1924 1392 1964 quae
1423 1912 1583 1953 dicitur
1614 1911 1853 1953 orationem
1884 1911 1951 1953 sui

323 1972 583 2014 defendendi
633 1984 763 2014 causa
804 1972 968 2024 habuit,
1016 1973 1090 2013 sed
1138 1972 1181 2013 in
1228 1971 1398 2013 actione
1440 1983 1549 2013 anno
1583 1971 1668 2012 399
1711 1970 1950 2023 posteriore

322 2036 491 2073 oratam
524 2044 616 2073 03111
650 2043 743 2073 0330
774 2031 881 2073 vult.
943 2031 1028 2073 Ter
1061 2031 1171 2072 enim
1203 2030 1467 2072 Andocidem
1498 2030 1542 2072 in
1584 2030 1650 2072 ius
1693 2042 1785 2071 esse
1823 2041 1948 2072 voca-

323 2095 413 2132 tum
447 2092 583 2132 Zacas
617 2090 870 2144 cognovisse
902 2090 984 2132 sibi
1016 2090 1211 2132 videtur:
1249 2090 1430 2142 primum
1463 2089 1539 2130 illa
1571 2090 1748 2141 ἐνδείξει,
1781 2089 1834 2130 (10
1865 2100 1950 2140 (1113

324 2150 432 2191 1111111
466 2150 573 2191 certi
607 2150 774 2200 scimus,
806 2154 855 2191 ut
887 2161 1017 2202 supra
1045 2149 1231 2191 vidimus
1262 2162 1300 2201 p.
1326 2148 1391 2201 10,
1423 2148 1577 2190 deinde
1600 2147 1824 2200 Cephisius
1856 2159 1950 2189 eum

326 2209 550 2250 accusavit
577 2209 736 2250 Meleto
759 2209 1061 2261 Epichareque
1093 2208 1374 2261 adiutoribus,
1407 2212 1558 2249 contra
1590 2219 1695 2258 (11103
1727 2219 1772 2248 30
1805 2206 1949 2248 defen-

325 2268 391 2309 dit
432 2268 676 2309 Andocides
724 2268 919 2309 oratione
952 2268 983 2309 I.
1017 2268 1070 2309 de
1111 2267 1329 2320 mysteriis
1376 2266 1539 2308 habita.
1611 2266 1804 2308 Tertiam
1845 2277 1949 2307 vero

325 2327 644 2369 accusationem
678 2327 792 2368 inter
825 2339 958 2368 annos
991 2326 1076 2367 399
1110 2331 1154 2368 et
1187 2326 1271 2367 392
1305 2330 1445 2367 actam
1489 2330 1619 2376 atque
1661 2325 1705 2366 in
1748 2325 1831 2366 hac
1871 2324 1950 2366 lite

324 2386 436 2427 hanc
459 2386 695 2427 orationem
718 2386 912 2427 habitam
936 2398 1029 2428 esse
1061 2398 1087 2426 a
1117 2386 1253 2438 κυρίῳ
1275 2385 1501 2438 κατηγόρῳ
1530 2384 1791 2435 arbitratum
1825 2395 1950 2435 quem

323 2457 407 2486 11011
439 2445 573 2486 fuisse
606 2445 850 2497 Cephisium
883 2444 1100 2486 concludit
1132 2457 1183 2486 ex
1216 2444 1338 2498 §42
1383 2445 1484 2489 ἴσως
1517 2443 1592 2484 οὖν
1633 2443 1704 2483 καὶ
1737 2442 1948 2496 Κηφισίου

324 2505 702 2558 ἀντικατηγορήσει.
774 2505 921 2546 Habet
967 2516 1070 2546 vero
1119 2503 1355 2545 orationem
1399 2515 1474 2554 pro
1519 2501 1774 2555 protologia,
1822 2513 1950 2553 quam

323 2563 584 2605 sententiam
607 2563 871 2615 deprompsit
903 2576 925 2605 e
958 2563 981 2616 ξ
1006 2563 1080 2604 19;
1114 2563 1137 2603 ὁ
1161 2563 1205 2603 ὂὲ
1227 2562 1329 2608 θεὸς
1352 2563 1508 2615 ὑπῆγεν
1531 2562 1670 2608 αὐτόν,
1703 2562 1766 2602 ἵνα
1791 2594 1798 2602 .
1822 2594 1830 2601 .
1854 2593 1861 2601 .
1885 2560 1949 2600 ἐπὶ

323 2627 372 2676 τῇ
407 2623 487 2676 ἐμῇ
518 2624 728 2675 προφάσει
751 2623 843 2675 ὁσίη
869 2623 999 2675 δίκην,
1033 2625 1186 2674 utpote
1218 2633 1328 2673 quae
1359 2621 1493 2662 verba
1526 2632 1609 2662 non
1641 2619 1724 2661 nisi
1756 2632 1782 2661 a
1813 2618 1948 2671 primo

328 2685 579 2723 accusatore
601 2681 786 2733 proferri
808 2685 1004 2733 possent3
1038 2681 1192 2732 quibus
1221 2681 1273 2722 de
1295 2679 1440 2722 verbis
1472 2679 1588 2720 infra
1618 2678 1792 2720 uberius
1824 2689 1950 2731 again

325 2753 362 2792 p.
387 2740 463 2792 383
495 2745 724 2793 praeterea
756 2740 998 2782 accusatori
1030 2752 1182 2781 nomen
1215 2751 1308 2781 esse
1330 2738 1471 2780 Diocli
1504 2741 1641 2790 putat,
1675 2737 1776 2789 quia
1804 2737 1840 2778 is
1877 2736 1949 2788 qui

325 2799 517 2850 loquitur
549 2799 650 2853 §54
684 2811 810 2841 avum
843 2811 963 2840 suum
992 2799 1185 2840 Dioclem
1217 2797 1514 2839 nominaverit.

444 2858 546 2900 Cum
580 2859 660 2899 hac
692 2858 910 2900 sententia
931 2862 1097 2911 pugnat
1129 2857 1183 2909 id,
1217 2858 1329 2909 quod
1351 2858 1455 2898 Zutt
1483 2856 1621 2908 prima
1643 2853 1949 2907 disputationis

324 2922 449 2969 parte
493 2930 530 2969 p.
564 2918 589 2958 3
612 2930 672 2969 sq.
715 2917 957 2959 luculenter
1009 2916 1323 2958 demonstravit
1374 2916 1611 2957 orationem
1657 2913 1950 2956 Andocideam

326 2988 419 3016 cum
454 2977 526 3017 VI.
550 2977 737 3029 Lysiaca
769 2976 990 3028 aptissime
1023 2988 1175 3018 nexam
1209 2987 1312 3028 esse⁷
1355 2975 1398 3015 id
1431 2974 1543 3026 quod
1575 2973 1689 3015 intra
1721 2972 1950 3025 apparebit
