2077 3430
723 365 1014 406 -19-

53 481 289 524 maioribus
332 484 627 523 consecratum
668 494 817 524 verum
859 483 988 524 etiam
1031 484 1085 525 ad
1116 484 1253 536 patris
1286 485 1452 525 domum
1484 487 1670 526 stantem

53 543 173 582 recte
196 539 422 592 dixerunt3
447 552 578 592 quare
600 540 708 582 nihil
730 541 950 593 interesse,
973 545 1115 583 utrum
1133 542 1365 584 Andocidis
1388 555 1442 584 an
1463 542 1671 594 Archippi

54 600 259 642 Hermam
292 602 512 651 spectaret
550 603 707 641 orator.
769 600 906 652 Quam
939 600 1206 653 Kirchhoffii,
1239 601 1503 653 Hoelscheri,
1535 600 1671 642 Zuttii

54 657 461 710 interpretationem
502 659 796 710 probaverunt
827 659 988 700 Weber
1019 672 1057 711 p.
1080 659 1132 699 21
1178 663 1221 700 et
1252 659 1486 701 Schneider
1516 672 1553 711 p.
1576 658 1672 700 360.

175 727 308 769 Aliud
340 728 555 781 indicium,
587 732 636 770 ut
669 732 886 770 auctorem
917 729 1043 770 huius
1076 729 1281 770 orationis
1313 742 1381 770 res
1403 729 1672 770 Andocideas

53 800 140 829 non
187 786 296 829 satis
339 787 590 840 cognovisse
638 788 992 841 demonstrarent,
1039 788 1253 829 Ruhnken
1293 788 1319 829 l.
1353 800 1385 829 c.
1428 792 1472 829 et
1513 787 1674 830 Sluiter

57 860 97 899 p.
122 846 204 887 171
249 845 349 887 inde
390 846 474 887 sibi
516 850 884 898 comparaverunt,
927 847 1039 898 quod
1081 851 1195 888 esset
1236 846 1526 898 discrepantia
1562 846 1675 887 inter

53 905 80 959 ξ
104 905 159 946 46
201 904 416 958 Lysiacae
457 905 531 947 VI.
576 908 620 946 et
660 905 797 946 locum
840 905 1161 958 Thucydideum
1203 905 1225 946 Ι
1247 904 1314 951 51,
1337 905 1374 946 4.
1436 905 1533 946 Illic
1565 904 1674 946 enim

56 968 274 1006 oratorem
316 963 534 1005 affirmare
565 963 828 1005 Andocidem
871 964 1065 1015 quamvis
1097 963 1192 1016 plus
1224 963 1512 1016 quadraginta
1544 975 1675 1004 annos

55 1027 207 1065 natum
250 1035 467 1074 nunquam
505 1022 723 1074 stipendia
753 1022 969 1075 meruisse,
1001 1022 1294 1075 Thucydidem
1326 1025 1467 1063 autem
1499 1033 1676 1063 narrare

57 1081 323 1124 Andocidem
355 1094 449 1123 cum
481 1081 701 1124 Glaucone
733 1081 861 1123 classi
899 1081 1138 1133 praefuisse
1170 1080 1418 1133 Corcyraeis
1451 1092 1558 1121 anno
1592 1079 1675 1120 432

57 1140 220 1184 auxilio
242 1141 410 1182 missae.
456 1140 693 1194 „Taylorus
716 1140 936 1181 contendit
957 1140 1082 1181 huius
1105 1139 1254 1181 classis
1275 1138 1496 1191 imperium
1514 1138 1677 1179 frustra

55 1202 114 1243 ad
125 1200 390 1242 Andocidem
406 1199 573 1252 referri,
591 1212 714 1251 quem
731 1199 892 1240 nullam
907 1211 1092 1250 unquam
1103 1198 1285 1239 militiae
1296 1201 1463 1249 partem
1476 1197 1674 1249 attigisse

56 1260 178 1302 dicat
208 1259 365 1313 Lysias
397 1259 460 1301 VI
482 1258 550 1300 48.
621 1258 705 1299 Hic
745 1257 849 1299 mihi
889 1270 973 1299 non
1015 1257 1101 1298 alia
1141 1256 1224 1297 nisi
1266 1257 1373 1297 haec
1412 1259 1568 1308 parata
1611 1258 1676 1296 est

58 1318 302 1371 responsio:
345 1317 579 1359 Andocidis
620 1317 845 1358 historiam
877 1328 1027 1368 parum
1059 1315 1272 1368 cognitam
1305 1314 1438 1356 fuisse
1470 1313 1675 1355 orationis

56 1377 253 1420 auctori“
280 1377 509 1428 (Ruhnken
540 1389 577 1428 p.
596 1376 707 1427 324).
770 1375 845 1417 Cui
866 1376 958 1416 loco
981 1374 1256 1428 Thucydideo
1290 1374 1415 1414 fidem
1436 1373 1676 1414 habendam

60 1449 145 1479 non
178 1449 271 1478 esse
302 1436 541 1478 Hoelscher
572 1448 610 1487 p.
633 1435 688 1476 62
713 1438 756 1476 et
778 1435 832 1475 M.
855 1435 908 1476 H.
931 1434 980 1475 E.
1002 1434 1151 1486 Meyer
1174 1433 1340 1483 (Comm.
1362 1432 1441 1474 ΠΙ.
1464 1432 1515 1472 de
1536 1431 1678 1472 Ando-

58 1496 170 1538 cidis
203 1507 314 1547 quae
344 1495 475 1548 vulgo
508 1494 649 1535 fertur
680 1493 874 1535 oratione
907 1497 1057 1534 contra
1088 1491 1366 1543 Alcibiadem,
1398 1489 1526 1531 Halle
1558 1488 1681 1541 1837,

61 1568 100 1608 p.
123 1555 192 1597 ΙΠ
205 1556 308 1606 sqq.)
341 1554 441 1595 inde
464 1553 775 1605 concluserunt,
809 1553 921 1603 quod
942 1551 1184 1592 Andocides
1206 1550 1309 1601 ipse,
1333 1548 1680 1600 quotiescumque

63 1615 116 1656 de
159 1613 247 1655 suis
288 1614 333 1654 in
374 1625 463 1654 rem
494 1612 709 1665 publicam
740 1610 906 1652 meritis
938 1610 1197 1662 loqueretur,
1238 1620 1376 1659 neque
1407 1607 1514 1648 illud
1544 1618 1681 1657 neque

59 1673 183 1715 aliud
228 1672 452 1725 imperium
499 1683 677 1722 usquam
723 1672 990 1711 memoraret.
1061 1668 1175 1709 Exin
1218 1679 1310 1708 cum
1357 1666 1434 1707 illa
1479 1665 1682 1706 memoria

63 1732 345 1786 Thucydidea
375 1733 582 1784 pugnant,
621 1742 730 1781 quae
761 1728 1003 1770 Andocides
1044 1727 1136 1779 ipse
1176 1729 1328 1767 narrat
1358 1725 1404 1766 Π
1427 1725 1473 1776 7;
1514 1736 1611 1764 nam
1644 1723 1681 1764 si

63 1804 110 1834 re
142 1804 249 1833 vera
289 1791 335 1832 in
365 1790 442 1831 illa
474 1789 574 1831 anni
606 1788 690 1829 432
724 1787 996 1840 expeditione
1026 1797 1200 1827 munere
1243 1787 1471 1837 στρατηγοῦ
1511 1782 1683 1823 functus

65 1854 191 1904 esset,
233 1862 343 1892 anno
387 1848 472 1890 415
516 1847 828 1900 quinquaginta
869 1846 961 1887 fere
1002 1856 1135 1886 annos
1174 1846 1302 1884 natus
1334 1842 1499 1893 fuisset,
1530 1844 1580 1882 ut
1610 1839 1684 1882 vix

62 1910 210 1952 dicere
250 1913 397 1962 posset
439 1906 758 1949 adulescentiae
799 1905 970 1946 fervore
1002 1905 1057 1946 ad
1088 1904 1343 1944 Hermarum
1373 1899 1685 1941 mutilationem

66 1970 298 2011 adductum
331 1980 377 2010 se
410 1979 514 2019 esse,
546 1978 684 2017 neque
715 1964 851 2017 magis
895 1962 1099 2005 credibile
1141 1964 1208 2003 est
1249 1972 1343 2002 eum
1386 1959 1499 2000 circa
1531 1970 1684 1999 annum

68 2028 153 2070 407
187 2027 501 2081 sexagesimum
533 2025 624 2066 fere
657 2036 812 2065 annum
844 2025 1043 2075 agentem
1075 2020 1157 2062 sibi
1188 2020 1372 2061 nondum
1403 2018 1561 2059 liberos
1594 2028 1685 2058 esse

66 2092 194 2130 natos
216 2087 432 2128 dicturum
454 2085 599 2126 fuisse.
642 2083 796 2125 Omnes
818 2094 920 2123 vero
944 2079 1236 2122 dubitationes
1259 2076 1434 2119 sustulit
1451 2074 1686 2126 inscriptio,

64 2159 196 2199 quam
212 2145 381 2188 invenis
398 2145 444 2186 in
464 2144 497 2186 Ι.
521 2144 571 2186 G.
592 2143 614 2184 Ι
640 2142 721 2182 179
745 2143 813 2191 (z
835 2140 1156 2191 Dittenberger,
1179 2137 1281 2190 Syll.
1304 2136 1325 2177 Ι
1348 2135 1434 2185 affl:
1459 2133 1686 2189 [Ἀθηναῖοι

65 2205 180 2261 ἀνέλ]
199 2221 301 2246 οσαν
320 2205 362 2250 ἒς
380 2201 678 2258 Κό[ρ]κ[υ]ραν
696 2201 791 2241 τάδε
809 2233 838 2241 ..
853 2234 860 2242 .
876 2198 1116 2251 παρέδοσαν
1134 2199 1364 2248 στρατεγοῖς
1383 2195 1425 2239 ἒς
1443 2192 1686 2245 Κόρ[κυραν

67 2269 152 2310 τοῖς
186 2264 407 2317 ὁευτέρ]οις
440 2262 630 2302 ἕκπλέοσι
661 2260 704 2300 Γ
699 2260 870 2300 λαύκονι
903 2256 966 2313 [ἐκ
999 2256 1234 2308 Κεραμέον,
1269 2252 1508 2305 ᾹΙεταγ]ένει
1537 2250 1687 2301 Κοιλεῖ,

68 2323 354 2377 Δρακοντί[δει
386 2320 638 2372 Βατὲθεν],1)
681 2319 792 2360 unde
823 2317 961 2368 liquet
999 2326 1142 2356 errore
1172 2312 1342 2354 librarii
1374 2311 1487 2363 apud
1518 2309 1686 2361 Thucy-

66 2383 213 2425 didem
245 2382 454 2434 scriptum
486 2391 578 2422 esse
610 2377 853 2430 Ἀνδοκίδης
883 2388 959 2428 pro
982 2373 1275 2426 Δρακοντίδης.
1337 2370 1470 2423 Quem
1505 2379 1689 2410 errorem

70 2443 156 2484 iam
200 2454 225 2483 a
265 2440 444 2483 librario
493 2438 669 2490 antiquo
712 2435 977 2478 commissum
1020 2444 1111 2474 esse
1154 2432 1278 2472 docet
1319 2430 1387 2470 Ps.
1429 2426 1688 2469 Plutarchus

70 2502 129 2553 (X
172 2514 230 2543 or.
273 2501 392 2542 vitae
434 2498 520 2539 834
534 2500 580 2549 c),
629 2495 701 2548 qui
746 2496 827 2536 hoc
869 2504 1011 2535 errore
1054 2491 1263 2532 adductus
1307 2499 1460 2529 annum
1502 2484 1690 2526 natalem

72 2559 309 2602 Andocidis
351 2558 462 2600 falso
511 2554 788 2608 computavit.
861 2552 995 2605 Quem
1035 2552 1184 2591 nostra
1226 2550 1371 2589 aetate
1413 2544 1550 2586 secuti
1591 2546 1691 2584 sunt

74 2619 258 2672 Clinton,
305 2618 352 2660 F.
380 2618 433 2659 H.
466 2629 504 2668 p.
527 2616 595 2668 41,
636 2614 804 2656 Becker
844 2624 883 2664 p.
908 2610 973 2652 12.
1047 2608 1107 2650 Cf.
1151 2607 1280 2649 etiam
1321 2603 1522 2646 ALFalk
1562 2615 1600 2654 p.
1624 2601 1690 2653 69,

72 2679 125 2722 G.
147 2680 254 2720 Zutt
274 2690 312 2730 p.
336 2676 404 2729 28,
435 2676 483 2717 L.
505 2676 552 2716 P.
574 2672 790 2726 Roegholt
821 2683 859 2722 p.
882 2670 919 2721 8,
951 2669 1019 2711 W.
1041 2667 1202 2709 Weber
1233 2678 1270 2717 p.
1296 2664 1359 2716 15,
1388 2664 1438 2705 V.
1461 2660 1692 2704 Schneider

196 2891 220 2935 1)
246 2889 411 2932 Βατῆθεν
437 2888 641 2924 demoticon
668 2883 851 2928 supplevit
877 2879 1212 2922 Miiller-Striibing,
1247 2875 1510 2918 Aristophanes
1536 2872 1609 2907 und
1636 2871 1692 2905 die

77 2939 298 2974 historische
323 2937 462 2980 Kritik,
495 2934 650 2978 Leipzig
678 2930 767 2965 1873
793 2942 826 2974 p.
845 2928 925 2972 600,
952 2927 1057 2962 Stahl
1081 2936 1165 2961 vero
1191 2924 1259 2958 Rh.
1286 2924 1331 2957 M.
1357 2920 1413 2965 40,
1443 2919 1533 2973 1835⁴
1562 2931 1595 2963 p.
1613 2917 1692 2960 439,

76 2998 184 3031 quem
219 2986 337 3021 secuti
371 2988 457 3019 sunt
491 2982 623 3017 Weber
655 2992 688 3024 p.
718 2978 760 3012 15
795 2981 830 3012 et
865 2975 1061 3011 Schneider
1094 2985 1127 3017 p.
1154 2970 1232 3015 363,
1273 2967 1432 3011 Θόραθεν
1467 2966 1694 3001 scribendum

77 3034 279 3078 proposuit.

1441 3071 1489 3106 2*

593 3143 605 3165 ν
