2077 3430
715 375 1006 417 -33—

52 487 237 528 Hermas
285 499 330 529 se
375 489 598 532 mutilasse
643 495 686 532 et
738 493 946 545 mysteria
999 494 1224 548 evulgasse
1275 496 1441 538 omnino
1492 498 1669 550 negavit

54 545 104 599 ἐξ
126 545 180 586 61
200 557 303 598 sqq„
337 546 403 588 10.
432 605 440 613 ⁶
464 548 558 590 Hoc
589 549 724 602 igitur
754 550 930 592 Weberi
964 554 1014 604 (p.
1038 552 1105 604 28)
1139 558 1432 606 argumentum
1464 555 1670 597 infirmius

54 607 132 657 est,
166 616 291 655 quam
310 608 372 670 ‘ut
405 617 495 647 61113
526 608 784 650 sententiam
816 610 1091 652 corroborare
1123 613 1269 663 possit.

171 662 321 716 Magni
352 665 554 707 momenti
587 678 679 708 esse
710 671 838 719 putat
859 668 1093 711 Schneider
1125 673 1175 722 (p.
1199 671 1295 718 368)
1329 672 1383 712 ad
1410 672 1667 713 sententiam

53 733 174 787 suam
205 721 468 776 firmandam,
501 725 612 775 quod
644 726 885 768 Andocides
916 740 999 768 non
1030 730 1287 780 respondeat
1318 730 1372 770 ad
1404 742 1495 771 eam
1528 730 1665 771 crimi-

53 784 284 833 natlonem,
327 794 453 833 quam
496 787 721 825 accusator
751 785 933 836 protulit
964 786 1007 827 in
1039 786 1152 840 §21,
1184 788 1257 828 ubi
1289 788 1394 829 dicit
1425 801 1541 830 reum
1573 793 1670 841 post

54 840 239 881 Hermas
285 843 509 882 truncatos
554 846 692 883 totum
739 843 830 884 fere
876 857 952 896 per
999 857 1153 886 annum
1200 846 1244 887 in
1287 847 1480 888 custodia
1526 847 1669 889 fuisse.

59 898 230 951 „Sollen
262 899 343 939 wir
373 899 601 953 glauben“,
634 901 846 943 exclamat
868 902 1112 956 Schneider,
1148 905 1255 956 „dass
1288 905 1355 946 ein
1378 905 1566 958 Klaeger
1592 906 1671 946 mit

54 957 251 999 kuehner
279 957 398 999 Stirn
431 959 511 1000 den
540 959 750 1001 Richtern
782 961 872 1002 dies
894 962 1125 1003 Maerchen
1157 963 1421 1016 aufgetischt
1442 964 1563 1016 habe,
1595 965 1671 1005 das

56 1015 292 1082 allerdings
335 1017 443 1058 dazu
486 1022 673 1070 angetan
714 1031 816 1071 war,
859 1020 938 1061 den
979 1020 1220 1062 Charakter
1262 1022 1335 1063 des
1366 1022 1670 1076 Angeklagten

55 1076 99 1117 in
133 1087 270 1116 emem
303 1076 402 1116 sehr
433 1077 747 1130 unguenstigen
770 1078 924 1119 Lichte
957 1079 1204 1121 erscheinen
1236 1092 1288 1121 zu
1319 1080 1512 1122 lassen?“
1559 1080 1670 1133 Quid

55 1134 330 1176 iudicandum
377 1134 482 1175 mihi
528 1135 730 1177 videatur
773 1137 823 1177 de
865 1137 989 1178 huius
1032 1138 1220 1179 criminis
1251 1139 1450 1191 veritate,
1495 1139 1670 1190 exposui

55 1207 95 1246 p.
118 1193 186 1235 26.
247 1193 396 1245 Neque
429 1195 603 1235 credere
634 1206 803 1246 possum
836 1200 1125 1238 accusatorem
1158 1197 1234 1237 illa
1273 1210 1324 1238 ea
1354 1201 1495 1238 mente
1526 1202 1671 1249 protu-

55 1253 170 1305 lisse,
202 1255 252 1293 ut
282 1264 355 1294 reo
388 1258 583 1305 noceret3
615 1253 744 1294 valde
776 1254 885 1295 enim
918 1255 1077 1308 dubito,
1115 1268 1213 1296 num
1245 1256 1299 1296 ad
1330 1256 1373 1296 id
1406 1255 1672 1297 efficiendum

56 1311 236 1354 valeant
252 1311 408 1353 verba:
427 1312 472 1352 ἔκ
492 1312 528 1352 δ’
547 1311 623 1352 οὗν
639 1313 786 1353 τούτου
809 1316 882 1353 τοῦ
904 1315 1131 1366 τιμήματος
1153 1314 1314 1354 ἐδέδετο
1337 1314 1455 1366 ἔγγὺς
1477 1314 1672 1366 ἐνιαυτόν,

59 1371 134 1413 sed
165 1371 279 1412 bona
311 1370 393 1412 fide
425 1370 470 1411 in
501 1371 792 1412 narrationem
824 1371 987 1413 inserta
1020 1384 1112 1413 esse
1143 1373 1355 1414 videntur.

178 1429 301 1481 Quod
334 1430 385 1470 de
418 1441 542 1471 servo
574 1430 744 1481 prodito
774 1430 945 1471 diversa
966 1435 1199 1472 narrantur
1219 1431 1263 1472 in
1285 1431 1448 1472 duabus
1471 1430 1672 1472 orationi-

56 1489 137 1530 bus
170 1488 404 1539 (And.164
437 1491 481 1530 et
511 1489 580 1530 Ps.
602 1489 702 1541 Lys.
724 1489 786 1530 VI
808 1489 889 1541 22),
920 1494 1038 1530 16616
1068 1490 1172 1530 mihi
1203 1490 1376 1531 videtur
1414 1489 1672 1530 iudicavisse

58 1548 109 1590 E.
131 1547 315 1600 Drerup,
359 1547 485 1598 (Berl.
513 1547 615 1599 phil.
638 1548 788 1589 Woch.
810 1548 921 1589 XXI
941 1547 1066 1600 1901,
1099 1548 1195 1599 260)
1238 1549 1348 1589 116116
1388 1560 1477 1589 16111
1517 1547 1675 1588 1111111113

58 1606 263 1648 momenti
297 1618 389 1647 esse
420 1618 569 1659 neque,
601 1610 743 1647 utrum
776 1619 877 1647 vere
911 1619 965 1648 an
988 1619 1109 1648 secus
1133 1610 1245 1648 esset
1266 1607 1416 1659 relata,
1448 1606 1674 1647 diiudicari

59 1678 195 1719 posse.

179 1725 230 1766 In
263 1724 286 1777 ξ
309 1724 364 1765 48
387 1724 599 1765 Andocidi
622 1724 788 1765 crimini
810 1724 948 1776 datur,
981 1725 1093 1775 quod
1114 1723 1177 1765 rei
1198 1723 1395 1775 publicae
1416 1723 1531 1764 nullo
1553 1723 1675 1763 modo

61 1783 222 1826 auxilio
255 1783 427 1825 venerit
459 1784 725 1835 ἐπιστάμενος
757 1783 799 1823 ἒν
830 1783 974 1835 πολλῷ
1006 1783 1119 1835 σάλῳ
1141 1783 1211 1822 καὶ
1241 1782 1424 1834 κινδύνῳ
1455 1781 1527 1834 τὴν
1557 1781 1676 1821 πόλιν

62 1844 303 1896 γενομένην,
346 1845 477 1893 atque
508 1842 669 1883 Weber
709 1843 759 1894 (p.
782 1840 849 1893 30)
882 1841 975 1882 fieri
1005 1841 1197 1893 potuisse
1227 1844 1369 1893 negat,
1401 1840 1502 1891 quin
1533 1840 1674 1880 Ando-

63 1903 179 1944 cides
211 1901 312 1943 inde
344 1913 492 1943 ansam
524 1901 607 1942 sibi
640 1904 907 1952 compararet
938 1903 1090 1941 vetera
1121 1912 1199 1941 sua
1229 1899 1383 1940 merita
1404 1898 1676 1949 memorandi,

64 1974 173 2013 quae
207 1964 409 2002 accurate
449 1960 695 2012 exposuerit
726 1960 770 2000 in
802 1959 995 2000 oratione
1028 1960 1079 2000 de
1110 1958 1252 1999 reditu
1283 1958 1434 1998 habita
1465 1957 1513 2010 ξξ
1540 1957 1588 1996 11
1604 1968 1676 2008 sq.,

63 2020 120 2062 20
134 2033 216 2072 sq.;
250 2032 328 2073 ego
363 2023 513 2061 contra
543 2018 806 2060 Andocidem
837 2017 1038 2059 habuisse
1076 2017 1274 2069 arbitror,
1317 2028 1390 2057 cur
1431 2016 1482 2056 de
1513 2014 1678 2056 meritis

63 2079 152 2122 suis
195 2078 414 2120 silentium
445 2082 625 2130 teneret,
667 2077 735 2118 his
767 2078 819 2118 de
852 2076 1011 2118 causis:
1053 2076 1234 2128 primum
1275 2075 1409 2116 verba
1452 2075 1494 2114 ἒν
1535 2074 1677 2125 πολλῷ

64 2139 181 2191 σάλῳ
212 2139 283 2178 καὶ
314 2138 501 2190 κινδύνῳ
532 2137 605 2190 τὴν
636 2137 753 2176 πόλιν
785 2137 1013 2188 γενομένην
1043 2147 1138 2175 mea
1170 2134 1338 2185 quidem
1359 2132 1574 2174 sententia
1594 2143 1676 2172 non

62 2199 109 2240 id
140 2202 309 2249 tempus
341 2200 553 2249 spectant,
586 2208 666 2247 quo
698 2195 939 2236 Andocides
961 2194 1116 2234 iterum
1137 2193 1332 2234 Athenas
1354 2191 1493 2232 redire
1515 2190 1678 2231 frustra

66 2261 246 2299 conatus
279 2259 356 2308 est,
400 2256 476 2297 sed
506 2254 679 2296 ultimos
710 2254 813 2295 belli
845 2251 1196 2304 Peloponnesiaci
1226 2262 1401 2302 menses,
1434 2262 1526 2290 cum
1559 2248 1679 2289 clade

66 2317 122 2358 ad
153 2317 298 2369 Aegos
329 2314 485 2356 fiumen
518 2318 697 2365 accepta
732 2311 1092 2365 „Atheniensibus
1125 2309 1345 2351 exhaustis
1366 2311 1540 2360 praeter
1561 2319 1680 2348 arma

67 2380 111 2417 et
141 2386 276 2416 naves
307 2374 417 2415 nihil
450 2377 545 2415 erat
576 2373 744 2424 super“,
775 2375 824 2412 ut
845 2369 1023 2422 Nepotis
1045 2369 1189 2410 verbis
1221 2372 1320 2409 utar
1343 2367 1446 2417 (Alc.
1469 2366 1521 2417 8).
1572 2366 1678 2406 Τ11111

67 2439 212 2476 61116111
254 2432 518 2476 Andocidem
565 2431 731 2473 civibus
778 2430 865 2471 suis
911 2429 1018 2470 nihil
1065 2427 1214 2469 auxilii
1260 2426 1412 2467 tulisse
1452 2428 1681 2477 propterea

65 2493 343 2535 manifestum
377 2496 454 2544 est,
488 2491 600 2542 quod
632 2490 731 2531 olim
763 2489 801 2530 ei
833 2500 909 2540 pro
940 2486 1158 2529 beneficiis
1190 2485 1355 2539 gratias
1385 2496 1469 2525 non
1491 2487 1679 2535 egerant,

68 2553 223 2605 quibus
256 2564 304 2593 eo
328 2550 504 2592 consilio
527 2562 599 2591 eos
622 2549 838 2600 affecerat,
869 2551 918 2588 ut
939 2546 1021 2587 sibi
1042 2545 1183 2586 redire
1204 2543 1514 2596 permitterent.
1561 2541 1680 2593 Quae

68 2624 166 2665 spes
209 2623 304 2652 eum
345 2609 515 2651 fefellit.
578 2608 743 2649 Deinde
787 2608 1011 2647 accusator
1050 2604 1116 2644 illi
1148 2602 1313 2644 crimini
1345 2605 1445 2653 apte
1477 2598 1682 2641 adnexuit

69 2671 198 2723 aliud,
232 2670 345 2722 quod
365 2667 609 2710 Andocides
631 2678 844 2717 nunquam
868 2663 1083 2716 stipendia
1103 2661 1339 2703 meruisset.
1401 2660 1519 2712 91166
1543 2657 1678 2699 crimi-

68 2730 189 2772 natio
223 2741 317 2770 cum
349 2741 454 2769 vera
486 2731 611 2779 esset,
643 2724 884 2767 Andocides
915 2723 1030 2763 haud
1061 2721 1217 2762 iniuria
1238 2719 1402 2761 veritus
1425 2721 1490 2759 est
1512 2717 1563 2757 de
1585 2715 1682 2757 aliis

69 2788 237 2831 meritis
269 2787 448 2829 dicendo
480 2785 587 2827 illud
620 2785 777 2826 crimen
808 2782 1020 2823 iudicibus
1051 2780 1095 2820 in
1126 2778 1369 2820 memoriam
1400 2787 1613 2817 revocare.

188 2847 386 2898 Denique
418 2845 467 2899 ἐξ
490 2844 546 2885 26
579 2847 623 2885 61
654 2843 708 2884 28
742 2844 977 2893 6661136101,
1019 2843 1067 2880 111
1108 2850 1225 2879 reum
1268 2848 1432 2887 semper
1472 2833 1682 2875 hominem

69 2906 375 2958 nequissimum
408 2917 453 2946 se
474 2902 724 2956 praebuisse
746 2900 956 2951 ostendat,
989 2910 1081 2939 eum
1104 2896 1233 2950 Cypri
1255 2906 1420 2946 quoque
1441 2893 1485 2933 in
1505 2891 1684 2944 flagitiis

72 2966 383 3018 deprehensum
426 2968 469 3004 et
501 2975 527 3004 a
559 2960 808 3004 Citiensium
849 2957 996 3011 regulo
1040 2960 1083 2997 et
1120 2958 1271 3007 postea
1312 2954 1365 2994 ab
1397 2952 1600 3003 Euagora
1640 2949 1684 2990 in

72 3025 248 3067 vincula
280 3023 518 3065 coniectum
551 3032 643 3062 esse
674 3018 883 3072 perhibet.
944 3014 1186 3057 Andocides
1219 3022 1471 3064 quamquam
1504 3009 1558 3050 ad
1578 3008 1684 3049 illud

143 3098 282 3134 Begodt.
1431 3079 1453 3114 3

587 3145 600 3167 V
