2077 3430
1036 338 1329 379 -42-

379 466 468 505 viro
501 462 629 504 nobili
664 462 754 502 loco
786 464 900 510 nato,
933 457 1072 509 qualis
1106 460 1172 497 est
1203 454 1330 497 huius
1363 454 1572 496 orationis
1604 458 1738 507 actor,
1771 453 1845 506 qui
1878 458 1998 496 certe

378 535 540 574 semper
571 520 772 561 nobilium
807 522 952 569 partes
985 522 1051 557 est
1083 519 1267 566 secutus,
1312 525 1406 555 cum
1438 525 1492 554 ne
1523 512 1567 554 in
1600 513 1683 554 hac
1714 512 1792 555 lite
1825 512 1997 564 quidem

378 581 550 621 vonsilia
585 593 607 619 a
650 576 926 630 popularibus
975 575 1083 616 inita
1129 573 1380 625 vituperare
1423 571 1594 613 dubitet
1637 572 1675 625 (ξ
1700 571 1780 625 13),
1822 575 1872 613 ut
1913 571 1998 613 iam

377 640 461 680 dixi
497 652 532 690 p.
555 638 621 678 40.

497 698 644 747 ltaque
693 707 784 735 rum
832 693 1070 744 Epichares
1117 690 1354 732 orationem
1401 688 1605 731 habuisse
1651 700 1735 730 non
1781 689 1996 742 videatur,

378 762 523 799 restat.
546 760 593 796 ut.
616 766 706 795 eam
730 753 888 794 Meleto
910 751 1160 792 tribuamus.
1208 749 1274 790 De
1296 748 1456 790 Meleto
1480 750 1733 789 accusatore
1753 747 1998 789 Andocides

377 816 478 855 havi·
503 813 662 865 profert
688 812 801 863 §94:
831 810 1023 863 ᾹΙέλητος
1047 810 1083 849 ὁ’
1107 807 1160 848 αἶ’
1184 808 1325 848 οὑτοσὶ
1347 807 1563 860 ἀπήγαγεν
1585 806 1650 846 ἐπὶ
1671 810 1756 847 τῶν
1776 807 1996 859 τριάκοντα

379 875 546 923 Λέοντα,
569 873 629 915 ὡς
654 872 766 923 ὑμεῖς
788 871 963 914 ἅπαντες
985 870 1076 914 ἴστε,
1098 867 1168 907 καὶ
1185 867 1398 907 ἀπέθανεν
1416 866 1574 910 ἐκεῖνος
1592 866 1771 918 ἄκριτος.
1812 865 2000 907 MeletUS

379 932 511 983 igitur
545 931 584 971 iu
619 929 801 979 triginta
823 928 1010 970 virorum
1043 926 1249 967 mandata
1282 924 1546 976 consiliaque
1577 924 1793 976 patranda
1825 936 1997 977 operam

376 990 644 1040 studiumque
688 987 890 1038 contulit,
933 986 1044 1037 quod
1087 984 1246 1037 optime
1288 984 1474 1035 quadrat
1506 983 1550 1024 in
1581 983 1651 1024 Ps.
1680 982 1894 1037 Lysiacae
1927 982 1999 1025 VI.

376 1054 598 1099 oratorvm,
641 1059 761 1098 quem
804 1045 937 1087 fuisse
979 1043 1277 1096 Eumolpidam
1309 1045 1457 1095 partes
1488 1041 1696 1083 nobilium
1727 1045 1920 1084 secutum
1953 1044 1998 1083 et

378 1121 426 1148 ex
470 1110 518 1159 ξς·
541 1107 607 1158 54,
643 1106 706 1158 13,
742 1105 794 1145 14
837 1109 880 1146 et
923 1116 975 1145 ex
1012 1103 1148 1144 totius
1190 1101 1400 1144 orationis
1441 1113 1600 1154 genere
1642 1100 1812 1142 dicendi
1845 1100 1997 1154 elucet,

378 1174 419 1207 ut
456 1178 583 1217 supra
616 1164 859 1205 accuratius
892 1162 1071 1204 ostendi.
1119 1161 1264 1214 Quare
1296 1160 1502 1202 Melet-um
1535 1159 1773 1201 orationem
1805 1160 1874 1202 Ps.
1897 1159 1998 1214 Lys.

378 1226 447 1265 VI.
481 1223 679 1265 habuisse
712 1222 803 1264 veri
837 1226 903 1263 est
934 1220 1205 1262 simillimum.

494 1287 584 1335 Quo
628 1283 678 1322 de
716 1281 809 1323 viro
852 1286 900 1322 ut
942 1279 1104 1331 aliquid
1148 1278 1428 1331 enuclearem,
1470 1277 1715 1329 insequenti
1757 1280 1883 1330 parte
1915 1277 1999 1319 dis-

380 1341 611 1394 putationis
654 1340 793 1381 omnia
836 1352 1066 1392 congerere
1099 1341 1278 1379 conatus
1310 1349 1414 1390 sum,
1456 1349 1566 1388 quae
1599 1336 1767 1388 antiqui
1800 1339 2000 1378 auctores

377 1403 427 1442 de
460 1401 583 1441 huius
615 1399 796 1441 nominis
828 1398 1031 1451 personis,
1074 1397 1146 1449 qui
1189 1396 1360 1448 quidem
1392 1395 1577 1438 Athenis
1619 1395 1796 1437 fuerunt
1827 1395 1999 1437 saeculo

378 1460 523 1511 quinto
557 1462 738 1499 exeunte
772 1461 815 1499 et
847 1461 1001 1509 quarto
1033 1456 1220 1509 ineunte,
1251 1455 1438 1508 posteris
1470 1454 1757 1496 tradiderunt.

494 1518 720 1559 Ordiamur
742 1517 794 1558 ab
818 1517 882 1569 iis,
911 1528 1020 1567 quae
1043 1515 1286 1556 Andocides
1307 1514 1401 1566 ipse
1422 1514 1466 1555 in
1489 1513 1685 1555 oratione
1707 1514 1760 1555 de
1781 1512 2001 1566 mysteriis

378 1577 527 1618 habita
559 1577 609 1617 de
633 1576 806 1617 Meletis
839 1575 1092 1627 quibusdam
1124 1577 1287 1615 narrat.
1334 1573 1436 1627 §12
1471 1575 1773 1614 commemorat
1794 1572 2001 1614 Meletum

379 1637 597 1687 quendam,
640 1635 711 1686 qui
755 1635 807 1676 ab
841 1633 1140 1676 Andromacho
1183 1632 1463 1674 denuntiatus
1501 1631 1689 1684 patriam
1721 1631 1910 1684 reliquit,
1952 1634 2002 1673 ut
2063 1660 2064 1665 ,

378 1699 551 1735 unu-tvm
585 1694 810 1746 effugeret:
844 1693 929 1733 ἐπεὶ
963 1693 1007 1733 δὲ
1039 1693 1299 1746 ἐψηφίσαντο
1331 1692 1447 1744 αὐτῷ
1480 1691 1573 1740 (Scil
1594 1690 1896 1744 Ἀνδρομάχῳ)
1928 1690 2002 1743 τὴν
2061 1709 2065 1734 .;

377 1754 528 1795 lidum:
569 1753 703 1805 ἔλεγεν
744 1754 803 1793 ὅτι
845 1753 888 1793 ἐν
930 1756 977 1805 τῇ
1010 1753 1118 1804 οἰκίᾳ
1150 1756 1197 1805 τῇ
1230 1750 1532 1795 ῘΙουλυτίωνος
1563 1751 1739 1802 γίγνοιτο
1770 1751 2000 1803 μυστήρια·
2059 1783 2065 1796 ,.

371 1812 628 1865 ἰ-Ικῖκηίἰάὸην
659 1811 737 1865 μὲν
769 1811 844 1851 οὖν
875 1811 944 1851 καὶ
966 1810 1176 1864 Νικιάδην
1207 1810 1277 1850 καὶ
1299 1809 1506 1863 ΛΙέλητον,
1537 1810 1710 1854 τούτους
1740 1809 1818 1862 μὲν
1850 1808 2003 1854 αὐτοὺς

378 1872 473 1910 εἶναι
506 1870 601 1915 τοὺς
632 1874 913 1915 ποιοῦντας..
938 1901 958 1916 .‚
992 1868 1053 1910 ὧν
1086 1869 1382 1921 Πολύστρατος
1411 1868 1489 1921 μὲν
1521 1868 1765 1922 συνελήφθη
1799 1867 1871 1908 καὶ
1902 1868 2000 1908 ἀπέ-

381 1933 516 1973 θανεν,
551 1931 589 1969 οἳ
621 1930 665 1969 δὲ
697 1930 809 1969 ἄλλοι
841 1929 1066 1982 ([εύγοντες
1088 1930 1263 1981 ᾤχοντο,
1296 1927 1366 1968 καὶ
1389 1928 1529 1968 αὐτῶν
1550 1927 1738 1968 θάνατον
1759 1928 2002 1980 κατέγνωτε.

496 1989 615 2029 Inter
647 2000 728 2040 eos,
763 2000 939 2039 quorum
961 1987 1134 2029 nomina
1155 1987 1322 2028 Teucer
1353 1986 1512 2028 detulit
1546 1986 1581 2039 (ξ
1604 1985 1674 2035 34)
1708 1986 1761 2027 de
1781 1985 2001 2038 mysteriis

381 2047 617 2098 profanatis
649 2047 904 2098 Hermisque
945 2047 1086 2099 laesis,
1128 2046 1404 2087 nominantur
1435 2045 1621 2087 Meletus
1654 2048 1698 2086 et
1728 2044 2002 2098 Euphiletus,

381 2107 430 2146 ad
456 2118 559 2157 quos
582 2106 697 2147 viros
720 2106 762 2146 in
785 2105 881 2157 §63
905 2109 1117 2147 oratorem
1140 2105 1296 2147 iterum
1319 2107 1518 2157 spectare
1539 2107 1665 2157 puto:
1697 2104 2002 2156 προσελθόντες

381 2166 424 2203 M
454 2181 524 2217 μοι
557 2169 604 2218 τῇ
637 2166 828 2218 ὑστεραίᾳ
861 2164 1054 2218 Λ’Μέλητος
1086 2165 1156 2205 καὶ
1188 2164 1426 2217 Εὐφίλητος
1459 2164 1601 2216 ἔλεγον
1632 2180 1669 2204 κ.
1692 2179 1723 2205 τ.
1745 2163 1778 2205 λ.

496 2224 561 2264 Ab
586 2224 664 2264 hoc
687 2224 845 2264 Meleto
880 2226 1049 2275 (putant
1082 2223 1192 2265 enini
1225 2223 1292 2264 his
1325 2234 1430 2274 quos
1459 2222 1588 2264 attuli
1611 2221 1717 2264 locis
1739 2221 2002 2263 Andocideis

381 2283 430 2321 dv
463 2294 543 2323 uuo
577 2284 806 2333 eodemque
838 2283 931 2323 viro
964 2283 1047 2335 agi,
1091 2295 1175 2334 qua
1217 2283 1270 2323 de
1307 2281 1526 2323 sententia
1557 2281 1760 2322 iudicium
1792 2292 1876 2323 non
1908 2280 2001 2322 fero

382 2341 573 2391 quamvis
616 2341 879 2393 argumentis
911 2354 993 2382 non
1026 2341 1194 2393 fulcita)
1227 2340 1490 2382 Andocidem
1525 2340 1763 2392 impietatis
1796 2351 1915 2381 reum
1947 2339 2002 2380 ad

382 2400 574 2450 populum
602 2402 760 2441 factum
785 2414 877 2441 esse
900 2401 1171 2442 arbitrantur
1192 2400 1224 2442 I.
1243 2400 1292 2442 G.
1311 2400 1508 2452 Droysen
1532 2399 1652 2450 (Mus.
1670 2399 1806 2440 Rhen.
1825 2398 1862 2440 3.
1888 2398 2000 2440 1835

383 2471 416 2509 1».
436 2460 514 2498 1510
534 2459 598 2498 vel
624 2459 776 2499 Kleine
794 2459 1011 2500 Schriften
1035 2460 1078 2501 ΙΙ
1100 2459 1281 2512 Leipzig
1306 2458 1418 2499 1894
1442 2471 1479 2510 p.
1497 2458 1552 2498 22
1576 2458 1624 2502 N.
1642 2458 1682 2508 9)
1705 2458 1823 2500 RW.
1840 2457 2000 2499 Forch-

383 2517 569 2557 hamuwr
583 2518 609 2564 (Ι
622 2517 675 2557 ›ie
688 2518 882 2559 Athener
894 2519 977 2559 und
992 2518 1203 2571 Socrates,
1216 2517 1365 2559 Berlin
1384 2517 1494 2558 1837
1512 2530 1550 2569 p.
1561 2517 1630 2569 81)
1649 2517 1691 2559 C.
1700 2517 1771 2558 Fr.
1781 2517 2002 2558 Hermann

381 2576 458 2619 (lw
506 2576 695 2616 Socratis
743 2577 1081 2630 accusatoribus,
1134 2578 1225 2618 Iud.
1257 2577 1387 2618 schol.
1421 2576 1616 2629 Gotting.
1659 2574 1847 2631 1854s55
1888 2588 1927 2628 p.
1960 2576 2000 2626 4)

387 2634 427 2674 1,.
457 2635 686 2675 Hovlseher
718 2637 905 2688 (Quaest.
929 2636 1027 2689 llys.
1051 2649 1088 2688 p.
1112 2636 1150 2687 9)
1184 2636 1216 2678 Ι.
1240 2636 1456 2677 Kirchner
1478 2636 1666 2687 (Prosop.
1688 2636 1781 2676 Att.
1804 2634 1849 2676 II
1871 2634 2000 2683 9825)

386 2693 447 2733 W.
471 2695 605 2734 (metz
640 2694 740 2739 (Uer
773 2694 1288 2747 Hermakopidenprozess,
1320 2695 1420 2737 Jbb.
1449 2693 1476 2736 f.
1499 2694 1557 2736 kl.
1580 2694 1690 2736 Phil.
1724 2693 1868 2746 Suppl.
1891 2692 2002 2735 VIII

388 2752 572 2804 lffibffli
616 2753 763 2803 1›.=')74
803 2754 851 2794 N.
879 2754 926 2804 1).
999 2756 1119 2806 Quae
1161 2753 1380 2795 sententia
1420 2765 1595 2806 prorsus
1638 2752 1856 2794 reicienda
1896 2751 2002 2793 mihi

385 2810 563 2854 vantur.
596 2823 689 2851 nam
714 2812 891 2863 primum
916 2812 1083 2863 quidem
1107 2813 1407 2865 Eumolpidam
1428 2812 1647 2865 mysteriis
1669 2811 1846 2854 violatis
1868 2811 2000 2852 inter-

385 2869 513 2908 misso
546 2882 625 2909 uon
660 2871 881 2911 admodum
905 2871 1138 2912 verisimile
1171 2875 1248 2924 est,
1281 2871 1435 2912 deinde
1456 2871 1590 2912 multo
1613 2869 1908 2912 incredibilius
1936 2873 2002 2911 est
2068 2907 2070 2910 ,

387 2928 640 2969 Andocidem
676 2934 1097 2971 vomuiemoraturum
1130 2943 1213 2971 non
1241 2930 1386 2982 fuisse,
1418 2929 1454 2971 si
1477 2942 1523 2971 re
1545 2942 1650 2971 vera
1673 2942 1720 2971 eo
1745 2928 2002 2971 insolentiae

387 2986 654 3035 1.1·‹›‹·‹·ssiss‹·t
683 2988 966 3040 adversarius,
994 2994 1040 3029 ut
1064 2989 1161 3030 aliis
1184 2989 1225 3030 id
1249 2989 1543 3042 exprobraret,
1567 2989 1677 3041 quod
1700 2988 1791 3040 ipse
1814 2987 2001 3029 fecisset.
