2077 3430
767 356 1059 397 —29—

104 466 144 505 οἱ
174 465 268 506 θεοὶ
311 466 376 506 διὰ
419 472 540 509 τοῦτο
570 486 624 522 με
656 472 701 511 ἔκ
734 476 818 513 τῶν
849 474 1058 515 κινδύνων
1091 477 1279 528 σῴσαιεν,
1313 479 1376 518 ἵνα
1409 479 1547 520 ἐλθὼν
1581 480 1717 531 δεῦοο,

104 523 167 568 ὡς
199 524 346 589 ᾇόικεν,
385 526 468 567 ὑπὸ
502 527 713 581 Κηφισίου
747 531 993 586 ἀπολοίμην,
1028 546 1152 585 quam
1186 535 1522 578 criminationem
1554 538 1597 579 in
1621 522 1715 579 Con-

103 585 287 648 trarium
332 590 586 628 convertens
629 589 771 641 pergit
813 590 943 643 §139
984 591 1060 633 illa
1101 593 1195 644 ipsa
1237 607 1289 635 ex
1320 607 1377 647 re,
1421 597 1533 646 quod
1565 596 1632 637 dei
1665 609 1717 638 ex

105 641 299 682 ommbus
321 643 452 685 maris
474 645 676 696 periculis
705 660 750 689 se
772 650 1054 703 servaverint,
1086 651 1352 694 innocentem
1375 666 1420 695 se
1443 666 1534 696 esse
1556 660 1716 707 patere.

221 700 459 743 Praeterea
476 703 552 745 hos
570 705 793 757 utriusque
811 708 1017 750 orationis
1034 709 1148 751 locos
1167 711 1361 752 conferas
1380 725 1548 765 quaeso,
1572 726 1715 764 quam-

105 770 232 810 quam
245 760 299 800 ad
313 762 573 825 sententiam
584 776 720 805 meam
735 767 1090 809 corroborandam
1102 769 1276 810 minoris
1289 774 1388 811 sunt
1399 772 1610 825 momenti,
1624 784 1716 813 cum

104 821 149 859 et
179 818 443 861 Andocidem
486 821 552 862 his
594 822 699 863 locis
742 826 1004 866 accusatoris
1046 828 1180 869 verba
1221 828 1263 868 in
1305 832 1446 870 mente
1483 830 1641 871 habere
1674 835 1717 871 et

103 876 321 943 rhetorem
338 880 619 930 posteriorem
636 882 771 923 verba
788 895 844 925 or.
863 884 934 925 VI.
959 897 1010 925 ex
1032 886 1264 927 Andocidis
1283 887 1528 929 defensione
1544 888 1717 930 finxisse

105 936 254 977 eodem
285 949 379 978 iure
412 939 612 980 contendi
644 941 791 992 possit.
843 943 911 984 Ps.
933 943 1032 995 Lys.
1055 944 1115 985 VI
1138 944 1215 985 32:
1246 945 1292 985 τὸ
1316 946 1360 986 δὲ
1381 947 1606 987 τελευταῖον
1628 948 1718 987 νυνὶ

102 995 411 1048 παραδέδωκεν
454 998 579 1038 αὑτὸν
621 999 718 1051 ὑμῖν
759 1002 941 1054 χρῆσθαι
983 1003 1042 1042 ὅτι
1084 1004 1134 1043 ἂν
1175 1004 1399 1057 βούλησθε,
1443 1006 1502 1045 οὗ
1543 1009 1612 1058 τῷ
1642 1023 1674 1057 μ
1690 1006 1714 1058 ὴ

104 1053 322 1094 ἀδικεῖν
354 1057 647 1103 πιστεύων,
681 1058 766 1098 ἀλλ’
804 1059 882 1100 ὑπὸ
917 1060 1133 1112 δαιμονίου
1167 1062 1274 1107 τινὸς
1306 1063 1511 1115 ἀγόμενος
1533 1064 1718 1117 ἀνάγκης

106 1124 199 1154 cum
232 1114 341 1155 And.
364 1114 386 1155 I
409 1114 455 1156 2:
498 1116 569 1156 καὶ
610 1120 757 1169 πρῶτα
800 1118 878 1170 μὲν
920 1119 1214 1173 ἐνθυμηθῆναι
1255 1121 1361 1174 (scil.
1383 1122 1506 1174 ὑμῶν
1539 1123 1716 1175 δέομαι),

103 1172 164 1212 ὅτι
204 1176 279 1213 νῦν
322 1173 405 1225 ε’γὼ
451 1175 543 1227 ἥκω
587 1176 786 1228 οὐδεμιᾶς
826 1192 898 1230 μοι
941 1178 1127 1232 ἀνάγκης
1170 1180 1299 1232 οὔσης
1338 1185 1592 1232 παραμεῖναι
1633 1182 1714 1221 οὔτ’

103 1231 308 1284 ἐγγυητὰς
349 1234 608 1286 καταστήσας
649 1235 745 1275 οὔθ’
778 1235 861 1276 ὑπὸ
896 1236 1063 1289 δεσμῶν
1094 1238 1385 1290 ἀναγκασθείς,
1417 1240 1717 1284 πιστεύσας

104 1290 162 1331 δὲ
191 1291 427 1343 μάλιστα
459 1292 557 1344 μὲν
590 1297 658 1346 τῷ
692 1294 890 1347 δικαίῳ
921 1296 1056 1336 κ.τ.λ.

222 1349 290 1391 PS.
312 1349 413 1404 LyS.
436 1351 498 1392 VI
520 1350 596 1393 35:
639 1353 741 1405 φησὶ
783 1353 861 1405 γὰρ
906 1354 1046 1406 ἀγαθὰ
1087 1356 1245 1407 μεγάλα
1287 1360 1455 1409 ποιῆσαι
1495 1356 1568 1409 τὴν
1598 1357 1716 1397 πόλιν

102 1409 295 1462 μηνύσας
327 1409 397 1449 καὶ
429 1410 668 1457 ἀπαλλάξας
702 1412 823 1457 δέους
854 1413 924 1452 καὶ
955 1418 1137 1466 ταραχῆς
1168 1418 1238 1467 τῆς
1269 1415 1357 1455 τότε

104 1479 198 1509 eum
229 1468 378 1509 And.I
410 1468 487 1509 59:
531 1470 660 1510 εἰπὼν
703 1470 748 1511 δὲ
788 1471 835 1511 τὰ
879 1472 977 1511 ὄντα
1006 1505 1014 1513 .
1048 1505 1054 1511 .
1089 1505 1096 1512 .
1128 1472 1200 1525 τὴν
1242 1473 1361 1513 πόλιν
1398 1474 1444 1514 ἒκ
1476 1474 1615 1526 φόβου
1648 1474 1718 1513 καὶ

103 1530 252 1568 κακῶν
284 1531 368 1567 τῶν
400 1529 606 1580 μεγίστων
638 1529 906 1582 ἀπήλλαττον.

222 1586 291 1627 PS.
314 1585 413 1640 LyS.
436 1587 498 1628 VI
520 1586 567 1628 ὗε
599 1588 670 1628 καὶ
699 1589 785 1628 τίνα
819 1590 993 1642 γνώμην
1026 1590 1164 1629 οἴεσθε
1196 1591 1299 1636 ἕξειν
1330 1590 1425 1635 τοὺς
1445 1591 1603 1643 μύστας
1622 1590 1718 1635 τοὺς

103 1645 476 1698 ἀφικνουμένους.
500 1680 507 1687 .
531 1648 587 1699 ,ἢ
619 1646 744 1692 τοὺς
775 1648 978 1692 ἄλλους
1002 1647 1293 1701 (Έλληνας,
1327 1651 1380 1689 οἵ
1407 1650 1566 1689 ἕνεκα
1594 1665 1650 1689 τα
1666 1650 1716 1689 ύ-

102 1720 194 1757 της
224 1708 318 1757 τῆς
350 1705 544 1758 ἑορτῆς
576 1703 892 1762 <ἔρχονται>

106 1775 201 1804 cum
231 1764 341 1805 And.
364 1763 386 1805 I
409 1763 485 1804 32:
519 1764 613 1804 ὥστ’
649 1765 733 1816 ἐγὼ
769 1766 863 1818 ὑμῖν
894 1764 1023 1805 πολλὺ
1054 1766 1213 1818 μᾶλλον
1234 1770 1318 1806 τῶν
1340 1766 1588 1819 κατηγόρων
1610 1766 1717 1817 πρὸς

103 1826 188 1863 τοῖν
219 1823 338 1863 θεοῖν
372 1823 625 1876 ἐπισκήπτω,
658 1825 763 1876 ὑπέρ
794 1840 835 1864 τε
866 1828 950 1864 τῶν
972 1825 1096 1876 ἱερῶν
1119 1826 1144 1864 ἃ
1167 1824 1301 1877 εἴδετε,
1333 1826 1422 1864 καὶ
1449 1825 1581 1877 ὑπὲρ
1612 1829 1717 1864 τῶν

103 1881 376 1935 Ἑλλήνων
410 1884 464 1922 οἳ
488 1886 580 1935 τῆς
619 1883 814 1936 ἑορτῆς
845 1884 1003 1923 ἕνεκα
1037 1884 1293 1936 ἔρχονται
1326 1884 1499 1935 δεῦρο.

223 1940 273 1983 Gr.
296 1941 402 1982 Zutt
433 1953 471 1992 p.
495 1942 520 1982 5
555 1941 683 1982 etiam
716 1942 796 1982 hoc
829 1945 1078 1994 argumento
1111 1953 1211 1982 usus
1235 1946 1311 1994 est,
1344 1943 1454 1993 quod
1475 1941 1716 1982 Andocides

102 1999 250 2041 verbis
292 2000 558 2041 accusatoris
598 2000 698 2053 §10
732 2001 941 2042 adductus
974 2001 1025 2041 de
1056 2001 1202 2053 νόμοις
1234 2001 1439 2053 ἀγράφοις
1470 2000 1718 2051 loqueretur

104 2057 154 2114 ἐξ
178 2058 233 2100 85
266 2071 356 2110 sqq.
421 2059 544 2112 Quod
577 2064 872 2112 argumentum
899 2060 1060 2101 Weber
1090 2072 1128 2111 p.
1151 2058 1206 2099 34
1228 2059 1295 2100 his
1318 2059 1461 2100 verbis
1484 2058 1717 2100 dissolvere

107 2121 287 2160 conatus
330 2121 397 2159 est
443 2130 551 2170 „non
594 2121 790 2170 spectare
832 2122 1044 2160 oratorem
1078 2118 1179 2169 (scii.
1207 2118 1481 2169 Andocidem)
1515 2118 1569 2159 ad
1599 2117 1717 2169 leges

104 2177 275 2219 divinas
309 2190 333 2218 a
364 2181 523 2219 natura
554 2177 649 2229 ipsa
680 2177 919 2218 hominibus
950 2177 1114 2229 insitas,
1148 2188 1253 2228 quas
1275 2176 1555 2228 Eumolpidae
1585 2175 1717 2216 inter-

104 2240 396 2289 pretarentur,
429 2237 504 2278 sed
537 2237 591 2278 ad
624 2248 716 2277 eam
747 2236 1075 2277 Atheniensium
1095 2235 1244 2288 legem,
1277 2247 1361 2286 qua
1383 2234 1717 2286 constituissent,

103 2296 243 2349 legem
274 2295 437 2337 nullam
468 2295 539 2337 vel
572 2296 789 2336 decretum
820 2295 977 2347 valere,
1011 2295 1122 2345 quod
1153 2306 1237 2335 non
1269 2294 1550 2345 approbatum
1580 2292 1625 2333 in
1655 2293 1716 2333 la-

104 2354 278 2407 pidibus
319 2355 413 2397 sive
456 2354 661 2396 columnis
704 2357 926 2396 exaratum
965 2358 1088 2394 esset.
1150 2353 1211 2395 Ut
1242 2352 1563 2393 fundamentum
1596 2363 1717 2392 accu-

105 2413 287 2456 sationis
321 2417 551 2466 everteret,
584 2413 755 2455 assidue
786 2413 903 2466 leges
937 2416 979 2453 et
1010 2411 1303 2464 psephismata
1324 2411 1547 2452 recitanda
1569 2422 1718 2451 curare

104 2473 370 2515 Andocidem
413 2476 457 2514 et
498 2473 597 2514 inde
635 2485 660 2514 a
691 2472 792 2525 §85
825 2483 991 2523 quoque
1021 2471 1115 2523 περὶ
1146 2471 1353 2523 ἀγράφων
1384 2470 1531 2522 νόμων
1561 2468 1718 2519 loqur&

104 2533 251 2584 Atque
293 2533 407 2584 apud
438 2531 703 2573 Andocidem
744 2530 840 2573 voci
884 2531 1092 2583 ἀγράφων
1133 2529 1279 2581 νόμων
1310 2541 1393 2569 non
1426 2529 1599 2569 eandem
1631 2526 1718 2567 vim

104 2591 246 2633 inesse
280 2603 406 2643 quam
439 2591 553 2643 apud
586 2594 798 2632 oratorem
820 2590 888 2630 Ps.
910 2589 1009 2641 Lys.
1033 2588 1105 2629 VI.
1128 2588 1288 2629 Weber
1319 2590 1435 2628 recte
1458 2586 1578 2627 dixit.
1635 2585 1719 2626 Hic

107 2650 218 2692 enim
251 2650 470 2704 significat
501 2649 568 2691 sas
602 2649 803 2702 divinum,
834 2648 952 2701 leges
983 2659 1067 2688 non
1099 2646 1294 2698 scriptas,
1326 2646 1400 2687 sed
1431 2649 1556 2686 natas
1576 2644 1717 2685 nobis-

106 2722 201 2751 cum
231 2711 322 2758 (οὕς
355 2710 491 2754 οὐδείς
521 2725 590 2749 πω
623 2709 769 2761 κύριος
800 2708 958 2759 ἐγένετο
989 2706 1179 2746 καθελεῖν
1211 2705 1309 2745 οὐδὲ
1341 2705 1562 2756 ἐτόλμησεν
1594 2703 1718 2742 ἀντει-

104 2773 196 2809 πεῖν
239 2768 386 2810 confer
430 2768 560 2809 etiam
601 2768 710 2808 Xen.
742 2767 865 2808 Mem.
897 2765 959 2806 IV
991 2765 1028 2806 4.
1054 2764 1118 2806 19.
1190 2763 1407 2805 Demosth.
1438 2761 1591 2803 XVIH
1622 2760 1718 2812 275,

105 2828 265 2870 XXIII
296 2827 361 2869 70.
435 2827 561 2879 Soph.
593 2826 740 2879 Antig.
773 2825 869 2875 454,
911 2824 960 2865 R.
992 2822 1173 2865 Hirzelii
1217 2821 1568 2874 disputationem,
1610 2831 1719 2870 quae

105 2887 360 2929 inscribitur
395 2887 621 2939 ’Ἀγραφος
661 2885 804 2934 νόμος,
848 2883 988 2924 Abhh.
1023 2883 1060 2924 d.
1093 2881 1237 2923 SaChS.
1259 2880 1390 2921 Acad.
1419 2880 1456 2920 d.
1483 2878 1610 2920 Wiss,
1633 2877 1720 2918 XX

107 2945 222 2987 1900
243 2959 282 2998 p.
306 2945 360 2986 21
384 2958 486 2997 sqq.‚
515 2944 569 2986 37
589 2956 690 2996 sqq„
717 2943 767 2984 E.
784 2942 967 2994 Norden,
995 2942 1211 2994 Agnostos
1232 2940 1383 2991 Theos,
1410 2937 1590 2990 Leipzig
1608 2935 1718 2976 1912

105 3018 145 3057 p.
170 3005 223 3046 11
256 3005 306 3046 N.
330 3005 383 3057 2),
425 3004 499 3045 ille
538 3006 708 3056 spectat
741 3006 783 3043 et
814 3001 932 3054 leges
962 3012 1046 3041 non
1077 2999 1162 3040 rite
1193 2997 1446 3050 publicatas,
1490 3007 1594 3047 quas
1625 2994 1721 3036 vult

563 3133 576 3155 V
