2077 3430
1005 320 1297 361 -24-

351 444 458 495 quod
492 443 525 482 si
561 441 743 491 fecisset,
787 439 903 480 illum
951 438 1073 484 (sicut
1119 437 1237 487 alios,
1281 436 1352 487 qui
1386 437 1438 477 de
1477 436 1558 477 hac
1589 448 1635 477 re
1677 435 1965 488 scripserunt:

354 502 499 551 lengi-1.
549 500 727 551 Kypros,
776 497 921 538 Berlin
959 496 1082 547 1841,
1131 496 1220 547 lp.
1245 494 1340 546 291,
1384 493 1576 546 Scharfe,
1623 494 1690 536 De
1735 494 1966 548 Euagorae

351 559 672 600 Salaminiorum
707 556 843 608 reguli
877 555 969 596 vita
1003 567 1051 596 ac
1075 555 1201 595 rebus
1233 553 1381 607 gestis,
1413 553 1539 605 Diss.,
1571 553 1827 595 Monasterii
1852 553 1965 595 1866

349 633 384 670 1».
408 620 432 656 ι’)
466 631 501 658 n.
526 618 561 660 2,
603 616 673 666 qui
718 615 823 655 haec
856 614 988 654 dixit:
1044 614 1163 665 „Quo
1206 612 1296 653 fere
1339 615 1532 663 tempore
1563 611 1791 665 Euagoras
1822 624 1965 654 rerum

349 677 507 728 potitus
539 675 607 724 sit,
654 673 922 724 intellegitur
954 685 1006 712 ex
1039 671 1244 719 oratione,
1289 683 1414 723 quam
1447 669 1604 723 Lysias
1637 674 1789 713 contra
1820 671 1964 713 Ando-

348 736 479 775 cidem
505 733 695 773 habuit·‘.
743 732 953 772 Swoboda
977 730 1018 771 in
1041 729 1332 782 Pauly-Wiss
1354 729 1476 771 R.-E.
1501 729 1562 771 VI
1586 729 1622 782 l,
1645 729 1745 780 821)
1778 730 1860 772 hoc
1881 742 1964 772 uno

346 794 436 834 loco
484 792 625 832 nixum
679 804 769 831 esse
823 789 1023 840 vidisset3
1077 788 1211 830 ceteri
1263 788 1358 840 loci,
1411 800 1516 839 quos
1567 788 1754 830 Judeich
1800 788 1964 842 attulit,

346 851 484 892 Audi
509 850 546 901 4,
580 851 617 891 ll
642 850 703 900 11,
737 848 986 890 I's.I'lut.X
1009 852 1116 888 orat.
1132 846 1305 888 vit.834
1323 847 1372 899 E,
1395 846 1615 899 Aristoph.
1629 847 1798 889 Thesm.
1812 847 1964 901 446,11)

347 910 470 951 l'hot.
495 909 581 949 cod.
606 909 701 952 261,
735 909 788 948 ad
821 911 988 959 tempus
1011 906 1295 947 definiendum
1329 918 1476 947 ansam
1499 918 1583 947 non
1615 906 1836 960 praebent,
1870 919 1964 949 cum

344 981 395 1009 ue
429 981 479 1008 cx
514 966 856 1018 Aristophanicis
900 965 1070 1017 quidem
1112 965 1268 1016 verbis,
1312 965 1466 1016 quibus
1510 965 1651 1018 Engel
1695 964 1963 1017 aliquantum

345 1026 542 1078 ponderis
575 1025 748 1066 tribuit:
801 1025 917 1077 Ἐμοὶ
950 1024 1029 1076 γὰρ
1062 1024 1170 1077 ἀνὴρ
1213 1024 1426 1064 ἀπέθανεν
1457 1024 1536 1076 μὲν
1567 1025 1611 1064 ἓν
1644 1023 1810 1077 Κύπρῳ
1842 1024 1964 1077 quid-

346 1098 468 1136 quam
504 1084 607 1124 certi
643 1083 857 1125 enucleari
890 1083 1036 1135 possit.
1098 1083 1191 1124 Hoc
1224 1082 1359 1135 igitur
1380 1082 1631 1124 Schneideri
1664 1087 1964 1136 argumentum

344 1144 500 1185 nullam
535 1143 619 1183 vini
654 1143 794 1183 habet.

461 1202 560 1251 §29
575 1214 664 1252 sqq.
708 1201 968 1242 Andocidem
1021 1200 1168 1252 paucis
1216 1200 1339 1241 annis
1390 1204 1489 1252 post
1536 1200 1693 1242 iterum
1740 1213 1962 1243 reversum

344 1260 596 1312 prytanibus
644 1260 824 1311 pecunia
875 1260 979 1301 data
1025 1259 1290 1311 persuasisse
1338 1259 1630 1312 comperimus,
1683 1262 1732 1301 ut
1784 1260 1866 1302 sibi
1918 1260 1963 1302 in

344 1319 580 1359 contionem
624 1319 794 1370 prodire
835 1318 1148 1370 permitterent,
1193 1318 1268 1359 sed
1300 1321 1349 1359 ut
1382 1323 1512 1360 antea
1544 1319 1598 1360 ab
1631 1318 1868 1372 oligarchis
1899 1319 1964 1361 ita

343 1382 431 1418 tuni
466 1390 491 1418 a
522 1377 798 1429 popularibus
833 1377 1054 1429 expulsum
1087 1389 1191 1418 esse.

460 1437 523 1477 be
555 1436 647 1477 vita
689 1448 866 1488 quoque,
909 1448 1034 1487 quam
1076 1438 1175 1488 post
1216 1435 1393 1477 tertium
1435 1436 1621 1478 reditum
1653 1437 1841 1479 Athenis
1873 1437 1961 1479 An-

342 1495 512 1535 docides
555 1495 754 1546 egerit,¹'²)
798 1495 934 1536 multa
985 1498 1132 1536 orator
1179 1494 1316 1536 affert.
1379 1494 1538 1537 Decem
1581 1495 1732 1538 diebus
1775 1496 1962 1538 nondum

342 1553 705 1605 praeterlapsisffl)
754 1566 801 1595 eo
850 1553 1104 1595 insolentiae
1152 1566 1202 1595 ac
1248 1553 1510 1596 temeritatis
1559 1567 1653 1596 eum
1700 1554 1962 1607 processisse

342 1616 491 1653 narrat
523 1614 545 1665 ς’
572 1612 707 1664 usq„
750 1618 797 1653 ut
830 1612 1092 1665 Archippum
1135 1612 1177 1654 in
1221 1612 1287 1654 ius
1325 1616 1505 1655 vocaret
1547 1614 1599 1655 de
1631 1614 1793 1656 Herma
1823 1614 1961 1666 laeso;

342 1683 476 1722 quem,
520 1683 771 1722 quamquam
805 1672 1006 1713 Hermam
1049 1671 1264 1725 integrum
1306 1684 1400 1713 esse
1431 1672 1526 1714 iure
1558 1672 1739 1715 iurando
1772 1672 1961 1715 affirma-

341 1729 486 1781 visset,
530 1735 670 1770 tamen
704 1730 885 1781 pecunia
916 1734 1140 1772 numerata
1172 1734 1468 1773 accusatorem
1501 1732 1716 1774 adducere
1747 1732 1962 1785 maluisse,

341 1794 388 1829 ut
421 1788 693 1830 accusatione
726 1789 966 1841 desisteret,
998 1802 1051 1830 ne
1083 1789 1164 1830 sibi
1198 1789 1453 1832 inimicitiae
1485 1794 1631 1832 essent
1664 1803 1757 1833 cum
1791 1791 1961 1833 homine

341 1851 427 1887 tam
461 1847 637 1888 nefarie.
699 1848 833 1889 Paulo
866 1852 963 1900 post
995 1849 1257 1890 Andocidem
1280 1861 1370 1890 rem
1402 1849 1619 1902 publicam
1653 1850 1961 1902 capessivisse3

339 1905 422 1946 iani
458 1905 498 1946 in
533 1906 751 1947 contiones
785 1910 828 1948 et
860 1907 903 1948 in
935 1911 1131 1949 senatum
1165 1920 1259 1949 eum
1282 1908 1466 1961 prodire,
1500 1909 1730 1951 archontes
1755 1910 1961 1961 quosdam

339 1968 458 2005 statu
490 1965 684 2017 movisse,
719 1965 818 2016 quin
852 1966 981 2007 etiam
1024 1966 1162 2018 ipsum
1194 1966 1492 2019 impiissimum
1525 1968 1715 2010 consiliis
1749 1968 1961 2011 interesse

339 2023 390 2062 de
423 2023 568 2074 sacris,
601 2025 776 2076 pompiS,
809 2025 994 2066 oraculis
1028 2026 1063 2077 (ξ
1087 2025 1168 2077 33).

456 2082 584 2122 Aliud
632 2082 834 2124 indicium
882 2085 937 2125 ad
979 2088 1148 2136 tempus
1190 2085 1476 2127 definiendum
1520 2086 1731 2138 praebent
1773 2086 1960 2129 fortasse

339 2140 472 2180 verba
503 2139 546 2191 §⁵
566 2140 678 2182 30³⁰:
712 2142 773 2186 δὶς
805 2143 848 2182 ἐν
879 2147 938 2195 τῷ
970 2143 1086 2195 αὐτῷ
1118 2144 1378 2197 ἐνδέδεικται,
1411 2144 1483 2186 ubi
1517 2145 1784 2198 ambigimus,
1817 2149 1961 2187 utrum

339 2199 525 2252 ἐνιαιιτιῖ),
549 2204 596 2241 ut
617 2212 728 2241 nunc
750 2201 943 2252 plerique
965 2205 1132 2255 putant,
1156 2215 1211 2244 an
1231 2203 1388 2256 χρόνῳ,
1412 2204 1525 2255 quod
1546 2204 1771 2256 proposuit
1788 2205 1960 2247 Dobree

340 2257 427 2304 (1.1.
460 2270 496 2309 p.
522 2259 630 2311 196),
672 2259 1010 2302 subaudiendum
1052 2261 1130 2313 sit3
1178 2263 1253 2303 sed
1296 2262 1339 2303 in
1384 2262 1451 2304 his
1483 2263 1629 2304 verbis
1672 2276 1725 2305 ex
1758 2264 1958 2317 ambiguo

337 2315 466 2356 divtis
508 2317 613 2358 nihil
656 2318 917 2371 offendimus,
965 2320 1001 2361 si
1034 2324 1136 2361 ante
1178 2320 1340 2362 iudices
1374 2322 1576 2373 aequales
1621 2334 1672 2364 ea
1714 2322 1835 2364 facta
1867 2335 1960 2365 esse

341 2379 549 2425 putamus.
612 2377 671 2417 At
704 2389 786 2418 non
818 2377 966 2430 liquet,
999 2380 1206 2430 quomodo
1230 2380 1337 2421 haec
1360 2392 1428 2422 res
1450 2393 1534 2422 non
1557 2381 1689 2434 digna
1710 2386 1961 2435 memoratu,

338 2445 462 2483 quam
511 2435 752 2476 Andocides
804 2437 930 2487 plane
976 2437 1180 2490 neglexit,
1233 2438 1276 2480 in
1328 2439 1580 2491 posterioris
1631 2440 1819 2482 rhetoris
1867 2441 1960 2483 sive

340 2491 532 2533 historici
576 2494 773 2535 notitiam
816 2495 996 2548 venerit,
1040 2509 1132 2538 cum
1166 2497 1273 2539 haec
1314 2497 1367 2539 lis
1400 2499 1568 2540 omnino
1602 2499 1843 2542 diiudicata
1874 2512 1958 2542 non

338 2564 431 2591 esse
464 2551 674 2604 videatur,
708 2557 755 2594 ut
788 2553 871 2594 iam
904 2554 992 2595 dixi
1025 2568 1063 2607 p.
1090 2555 1154 2597 10.

456 2610 689 2652 Schneider
722 2616 771 2663 (p.
795 2612 893 2662 3⁴52)
939 2626 1038 2655 vero
1087 2614 1217 2656 etiam
1261 2616 1486 2658 enucleare
1529 2620 1709 2659 conatus
1752 2622 1829 2670 est,
1877 2630 1958 2669 quo

341 2668 515 2709 consilio
558 2670 795 2712 adversarii
846 2671 961 2713 illam
1010 2673 1193 2725 priorem
1238 2675 1409 2722 ἔνδειξιν
1452 2675 1751 2718 intendissent.
1813 2677 1957 2718 Ando-

456 2785 493 2828 ¹¹)
520 2788 622 2821 Hanc
659 2789 817 2823 fabulam
853 2790 994 2824 doctam
1031 2801 1108 2825 esse
1143 2802 1236 2826 anuo
1263 2791 1327 2825 ⁴11
1365 2794 1527 2828 ostendit
1554 2794 1804 2830 Wilamowitz
1831 2792 1957 2837 (Arist.

341 2833 631 2924 lllsitmlh‘ffiisslllltzpp
646 2834 803 2924 ῐὶῇὂὸἷηὰ,
831 2837 889 2871 cui
917 2848 1085 2873 assensus
1105 2843 1160 2873 est
1183 2840 1236 2874 W.
1255 2840 1401 2874 Schmid
1421 2841 1490 2883 (W.
1510 2841 1644 2885 Christ,
1672 2842 1800 2877 Geseh.
1821 2842 1884 2877 der
1901 2852 1958 2886 gr.

403 2907 407 2912 ·
457 2927 493 2967 ι-“)
521 2940 557 2961 se
584 2910 660 2963 tnui
689 2909 706 2963 e
733 2911 848 2973 Cypro
876 2931 1026 2966 rediisse
1053 2937 1180 2967 narrat
1206 2934 1298 2968 And.
1318 2934 1345 2969 Ι.
1369 2932 1444 2968 132.

460 2974 494 3015 ¹³⁸)
524 2973 615 3009 Nota
643 2978 816 3020 temporis
843 2979 1001 3021 spatium
1030 2985 1199 3015 accurate
1227 2981 1419 3025 prolatum.
