2077 3430
85 459 201 501 cides
223 460 245 501 Ι
259 460 342 501 132
365 473 410 502 36
428 466 531 514 post
553 464 885 507 architheoriam
903 467 1177 520 Olympicam,
1197 481 1277 520 quo
1296 482 1466 511 munere
1485 482 1593 511 anno
1617 469 1701 511 400

84 518 258 584 functus
302 520 432 572 est,1⁴)
481 534 526 563 se
569 523 621 564 ad
655 524 766 565 sacri
813 526 970 566 aerarii
1013 531 1287 577 quaesturam
1321 528 1700 569 administrandam

83 582 351 630 propOS1tun1
384 591 476 621 esse
508 585 670 622 narrat.
733 583 835 624 Cum
868 588 911 625 et
944 597 996 626 ex
1028 585 1168 626 titulis
1192 586 1444 637 quibusdam
1467 587 1498 628 I.
1522 587 1571 628 (ἃ.
1594 587 1639 628 Π
1664 586 1701 627 2.

85 635 182 688 643,
215 635 260 677 II
282 635 320 677 5.
344 637 467 679 6451)
500 639 682 681 sciamus
715 641 852 694 φυλὴν
887 642 1155 695 Πανδιονίδα,
1189 644 1308 685 cuius
1333 645 1572 686 Andocides
1606 645 1702 688 fuit.

83 694 172 736 illis
207 695 329 736 annis
363 696 470 737 alios
503 698 713 751 delegisse
746 700 811 751 (01.
834 701 964 742 95.1;
1017 702 1209 755 400f‘399
1242 701 1504 758 .·lhc]c'‹577,uo‹;
1534 703 1701 755 ΛὶΙυρρι-

83 753 263 800 νούσιος,
297 754 352 819 01..
371 754 482 796 952
516 758 750 810 ...δωρος
798 758 950 811 Owen)
1000 764 1043 801 et
1084 761 1326 802 Andocides
1368 761 1459 813 ipse
1512 774 1557 803 se
1609 762 1700 803 litis

85 816 280 864 tempore
311 825 385 854 le
417 818 507 855 tres
550 828 682 857 annos
724 816 768 857 in
811 818 915 859 urbe
955 823 1257 861 commoratum
1291 832 1383 861 esse
1415 820 1531 862 dicat
1563 820 1584 861 I
1609 820 1702 871 132.

86 870 277 936 6111111110
300 884 474 914 munere
496 873 689 915 functum
707 888 789 917 non
813 889 906 918 esse
925 881 1106 930 constat,
1139 890 1276 929 neque
1298 878 1454 919 iniuria
1471 878 1704 920 Schneider

88 934 334 982 suspicatus
368 936 434 972 est
466 933 738 975 adversarios
770 947 846 987 per
867 936 1037 983 ἔνδειξιν
1059 941 1310 978 accusantes
1334 949 1427 978 eum
1449 937 1522 978 illo
1545 937 1702 978 honore

86 988 306 1031 deiecisse.

203 1047 289 1090 Sed
319 1061 403 1090 non
435 1050 569 1091 solum
602 1055 723 1092 actor
753 1051 797 1093 in
829 1053 1102 1094 accusatione
1134 1053 1269 1094 multa
1301 1053 1476 1105 profert,
1510 1065 1619 1104 quae
1651 1066 1702 1094 ex

84 1106 337 1149 Andocidea
369 1120 625 1161 cognoscere
656 1122 739 1151 non
773 1111 926 1163 potuit,
960 1124 1052 1153 cum
1084 1111 1127 1152 in
1160 1112 1236 1153 illa
1267 1124 1349 1153 non
1381 1112 1525 1164 insint,
1557 1124 1703 1153 verum

87 1165 218 1208 etiam
260 1166 376 1208 haud
418 1180 556 1219 pauca
598 1168 849 1222 invenimus,
893 1182 1002 1221 quae
1044 1182 1136 1211 cum
1169 1170 1401 1212 Andocidis
1443 1170 1587 1212 verbis
1620 1170 1702 1211 dis-

91 1228 285 1277 crepant.

205 1284 446 1326 Accusator
479 1285 731 1328 criminatur
752 1287 1027 1339 Andocidem,
1060 1288 1171 1338 quod
1204 1288 1255 1328 de
1277 1287 1447 1328 Hermis
1479 1290 1704 1329 accusatus

85 1355 258 1384 servum
280 1355 401 1385 suum
429 1345 684 1398 necavisset,
716 1358 768 1387 ne
801 1347 853 1387 de
884 1346 1045 1387 scelere
1076 1346 1278 1387 indicium
1310 1345 1473 1387 faceret
1505 1346 1626 1398 §22z
1659 1345 1704 1386 εὖ

86 1402 124 1443 δ’
145 1402 238 1455 ᾔδει
269 1403 319 1443 οὐ
353 1403 638 1456 δυνησόμενος
669 1405 933 1457 παραδοῦναι
956 1405 1057 1455 (scil.
1081 1405 1347 1457 ἀκόλουθον),
1380 1406 1426 1449 ὃς
1459 1405 1526 1444 διὰ
1558 1408 1704 1445 τοῦτον

85 1462 155 1502 καὶ
195 1461 243 1501 τὰ
286 1462 433 1503 τούτου
477 1463 753 1515 ἁμαρτήιιιατα
800 1464 1021 1516 ἀπέθανεν,
1063 1465 1127 1503 ἵνα
1159 1460 1266 1519 <μὴ>
1309 1463 1494 1516 μηνυτὴς
1536 1464 1703 1515 γένοιτο.

84 1519 235 1573 Longe
268 1523 411 1562 autem
454 1521 540 1563 alia
582 1526 692 1575 sunt,
737 1534 846 1573 quae
878 1522 1120 1563 Andocides
1152 1526 1358 1563 memorat
1389 1521 1411 1563 I
1433 1521 1509 1562 64:
1561 1521 1631 1561 τόν
1663 1537 1703 1561 τε

83 1580 214 1620 παῖδα
245 1579 317 1620 τὸν
340 1579 442 1632 ε’μόν
464 1581 694 1632 παρέδωκα
717 1582 946 1634 βασανίσαι,
980 1581 1040 1621 ὅτι
1063 1582 1247 1633 ἔκαμνον
1269 1581 1338 1620 καὶ
1360 1580 1450 1620 οὐδ’
1475 1580 1702 1632 ἀνιστάμην

87 1639 133 1679 ἐκ
165 1643 237 1692 τῆς
268 1639 422 1692 κλίνης.
483 1639 569 1681 Ubi
602 1640 653 1681 de
675 1640 820 1681 morbo
842 1640 915 1681 illo
939 1651 984 1681 se
1006 1639 1231 1680 mentitum
1255 1651 1346 1680 esse
1367 1638 1458 1690 ipse
1477 1638 1704 1689 convincit,

88 1710 183 1739 cum
214 1697 259 1738 in
291 1697 487 1739 oratione
509 1699 560 1739 de
583 1698 726 1739 reditu
747 1698 899 1740 habita
920 1711 965 1739 se
990 1698 1167 1739 iuvenili
1189 1698 1358 1739 fervore
1377 1700 1421 1738 et
1443 1696 1704 1738 auctoritate

88 1756 321 1799 amicorum
354 1758 409 1798 ad
438 1757 585 1809 priora
616 1757 810 1798 facinora
832 1758 1060 1799 deductum
1082 1757 1141 1808 (II
1164 1757 1202 1808 7)
1237 1760 1280 1797 et
1302 1755 1500 1807 Menippo
1524 1758 1705 1807 rogante

85 1815 389 1868 impunitatem
431 1816 514 1858 sibi
556 1817 773 1858 decretam
811 1828 904 1858 esse
947 1820 1144 1868 exponat,
1192 1827 1276 1866 qua
1321 1826 1403 1855 non
1450 1813 1706 1866 indiguisset

85 1875 170 1917 nisi
203 1875 371 1927 culpam
405 1876 618 1927 quandam
651 1875 1001 1925 contraxisset.¹·'')

206 1933 367 1976 Similis
400 1934 659 1986 discrepatio
693 1934 886 1986 quamvis
928 1933 1066 1974 minus
1097 1932 1324 1985 perspicua
1367 1934 1432 1972 est
1473 1930 1586 1971 inter
1618 1931 1704 1971 Ps-

86 1993 301 2046 Lysiacae
323 1994 385 2035 VI
418 1993 519 2047 §23
554 1998 597 2035 et
629 1993 902 2034 Andocideae
924 1993 986 2034 1²20
1014 1992 1128 2045 348.
1189 1990 1272 2032 Hic
1304 1992 1454 2031 narrat
1495 2001 1540 2030 se
1581 1993 1706 2030 nocte

87 2052 166 2094 illa
197 2052 304 2105 ipsa,
338 2065 431 2094 cum
464 2053 753 2104 deprehensus
786 2055 910 2103 esset,
944 2064 969 2092 a
992 2050 1217 2092 Charmide
1250 2048 1498 2090 consobrino
1532 2047 1705 2090 ceteris-

88 2124 171 2163 que
204 2111 400 2165 cognatis
431 2111 705 2164 imploratum
738 2123 841 2163 esse,
880 2114 928 2151 ut
960 2109 1175 2151 delatione
1206 2111 1385 2160 pat-rem,
1419 2106 1582 2159 affines,
1613 2117 1706 2147 sese

86 2170 227 2223 ipsum
258 2171 478 2223 liberaret,
521 2174 652 2222 atque
684 2182 737 2211 ex
767 2169 923 2221 verbis,
963 2180 1072 2220 quae
1104 2170 1351 2219 sequuntur,
1394 2177 1488 2207 eum
1518 2177 1602 2206 non
1635 2164 1707 2205 diu

89 2233 338 2272 cunctatum
381 2242 475 2271 esse
507 2241 716 2281 apparere
747 2228 936 2279 videtur3
980 2227 1214 2268 delatorem
1257 2228 1399 2266 autem
1441 2223 1568 2275 paulo
1610 2225 1708 2274 post

88 2290 268 2343 μήνυσιν
301 2288 464 2330 factam
495 2301 649 2330 revera
682 2300 704 2330 e
735 2286 919 2329 vinculis
941 2285 1159 2327 dimissum
1182 2296 1275 2325 esse
1296 2281 1558 2336 Thucydidis
1585 2280 1707 2322 testi-

89 2348 230 2390 monio
263 2348 326 2390 VI
344 2347 400 2389 60
433 2347 655 2389 discimus:
696 2346 767 2387 τὸν
807 2346 884 2399 μὲν
915 2344 1102 2398 μηνυτὴν
1144 2343 1273 2387 εὐθύς
1312 2342 1383 2382 καὶ
1423 2340 1518 2385 τοὺς
1559 2340 1708 2384 ἄλλους

87 2409 176 2461 μετ’
209 2408 338 2448 αὐτοῦ
371 2408 531 2448 ἔλυσαν.
595 2407 720 2448 Certe
751 2405 867 2446 nullo
899 2404 1021 2445 modo
1055 2402 1171 2444 credi
1202 2404 1346 2453 potest
1376 2400 1602 2449 rhetorem,
1636 2397 1707 2448 qui

89 2478 143 2508 ex
174 2466 410 2508 Andocidis
443 2465 690 2507 defensione
721 2465 832 2505 hanc
875 2462 1110 2504 orationem
1153 2459 1453 2511 effinxisset,¹⁶)
1497 2457 1708 2498 dicturum

88 2525 224 2567 fuisse
256 2525 358 2579 §23
391 2525 553 2566 ἐδέδετο
587 2524 706 2577 ἐγγὺς
738 2522 935 2574 ἐνιαυτόν,
974 2521 1084 2572 quod
1117 2522 1259 2561 utrum
1291 2530 1393 2559 vere
1425 2529 1479 2558 an
1510 2528 1586 2567 per
1618 2527 1702 2556 am-

89 2585 398 2638 plificationem
428 2583 689 2625 rhetoricam
722 2582 881 2623 dictum
913 2580 982 2632 sit,
1025 2591 1073 2621 eo
1107 2577 1324 2619 difficilius
1357 2578 1423 2617 est
1455 2573 1703 2624 diiudicatu,

91 2645 204 2696 quod
235 2643 320 2685 iam
342 2647 434 2685 tum
457 2643 648 2684 occultas
670 2641 768 2682 illas
789 2652 857 2681 res
881 2643 924 2681 et
947 2637 1069 2690 quasi
1092 2636 1276 2689 caligine
1299 2635 1475 2676 obrutas
1496 2632 1704 2674 neminem

91 2703 326 2755 explanare
348 2702 540 2755 potuisse
563 2705 607 2743 et
630 2700 822 2742 diversas
853 2698 1120 2740 coniecturas
1149 2695 1290 2736 factas
1323 2705 1415 2735 esse
1436 2690 1708 2743 Thucydides

209 2821 249 2864 l⁴)
274 2821 378 2863 Blass,
406 2821 484 2855 Att.
503 2821 584 2854 Ber.
604 2819 622 2853 I
650 2817 739 2851 1887
765 2829 799 2861 p.
817 2815 883 2849 291
911 2815 954 2850 N.
973 2814 1006 2849 3.
1195 2859 1201 2865 ἰ

212 2869 250 2908 ¹⁵1
276 2867 572 2912 Discrepantiam
597 2867 695 2900 inter
709 2866 774 2899 has
789 2864 879 2898 duas
894 2861 1091 2897 Andocidis
1111 2863 1292 2895 orationes
1319 2868 1381 2910 per
1399 2867 1435 2909 se
1450 2864 1709 2908 non-magnam

93 2926 172 2951 esse
198 2920 235 2950 et
261 2916 353 2950 satis
393 2914 577 2959 explicari
614 2913 709 2955 inde,
750 2911 843 2955 quod
870 2909 1025 2944 diversis
1064 2906 1300 2958 temporibus*
1324 2916 1361 2938 111
1401 2904 1554 2956 diverffls
1581 2901 1710 2935 litibus

92 2968 214 2999 essent
240 2963 400 3005 habitae,
427 2961 608 2997 iudicavit
634 2961 673 2995 E.
692 2960 823 3002 Meyer,
851 2957 979 2992 Gesch.
999 2956 1031 2990 d.
1050 2955 1124 2989 Alt.
1144 2954 1196 2988 IV
1222 2950 1325 2995 §6³1
1353 2962 1386 2995 p.
1405 2948 1483 2991 005,
1511 2947 1589 2982 506.

212 3008 251 3054 16)
278 3010 416 3045 Sluiter
442 3021 474 3053 p.
496 3008 572 3052 168,
602 3007 678 3041 173.

578 3139 592 3161 ν
