2077 3430
770 335 1032 375 -9-

306 448 356 490 G.
378 449 534 490 Perrot
564 450 859 502 (Ueloquence
888 452 1096 504 politique
1129 456 1173 494 et
1203 454 1430 506 J'udiciaire
1460 458 1485 497 a
1506 455 1711 506 Athenes‚

305 507 431 548 Paris
456 508 580 560 1873,
602 522 640 560 p.
661 509 755 561 194,
789 522 914 561 quam
937 512 1334 554 commentationem
1358 516 1487 554 antea
1508 514 1551 554 in
1574 513 1710 565 publi-

306 577 421 665 01]ῐὲιὸ
425 566 628 676 {Jiiderat
661 568 704 609 in
726 568 875 610 Revue
898 570 971 611 des
1001 571 1112 611 deux
1144 573 1328 623 mondes,
1360 575 1473 613 tome
1496 572 1563 623 93,
1599 571 1708 612 1871

305 636 343 675 p.
470 659 477 666 .

305 694 354 735 R.
379 695 420 736 C.
442 696 555 738 Jebb
581 697 685 748 (The
702 698 825 739 Attic
847 701 1026 751 oratorS,
1049 700 1094 740 Ι2
1118 700 1295 741 London
1315 700 1439 753 1893,
1469 714 1507 752 p.
1527 701 1611 742 281
1625 704 1711 752 sq).

305 765 382 806 Th.
414 766 562 819 Bergk
606 767 899 817 (Griechische
940 769 1417 823 Literaturgeschichte
1449 771 1521 824 IV,
1563 771 1711 812 Berlin

307 824 432 870 1887,
464 838 503 877 p.
528 825 612 866 356
631 829 746 877 sqq).

306 895 351 936 F.
376 895 484 936 Blass
509 896 547 947 (1.
572 908 603 938 c.
637 909 674 948 p.
698 896 795 945 566)
829 897 940 939 idem
964 898 1210 949 (Andocidis
1233 899 1461 951 orationes,
1496 900 1557 940 ed.
1586 912 1710 951 quar-

304 959 393 995 tam
428 967 512 996 cur.
547 955 588 996 C.
610 955 741 1008 Fuhr,
773 956 948 1008 Lipsiae
986 957 1107 1009 1913,
1140 958 1274 1009 praef.
1307 971 1345 1010 p.
1368 959 1480 1009 XX).

304 1024 352 1065 L.
375 1025 422 1066 P.
440 1025 657 1078 Roegholt
687 1027 768 1075 (Ps.
786 1027 945 1079 Lysiae
968 1028 1106 1069 oratio
1131 1032 1281 1069 contra
1303 1028 1576 1081 Andocidem,
1599 1028 1711 1069 Diss.

304 1083 553 1137 Groningae
587 1085 711 1135 1893,
744 1099 781 1137 p.
805 1086 857 1137 8).

304 1154 354 1196 U.
378 1155 430 1195 de
447 1154 1063 1198 Wilamowitz-Moellendorff
1086 1157 1358 1207 (Aristoteles
1381 1158 1467 1198 und
1488 1157 1633 1198 Athen
1656 1157 1711 1210 ΙΙ,

303 1213 452 1254 Berlin
477 1213 601 1267 1893,
634 1227 672 1266 p.
697 1215 751 1255 74
783 1216 832 1256 N.
855 1216 901 1267 53
940 1215 1063 1268 idem,
1096 1216 1460 1267 Textgeschichte
1493 1217 1568 1257 der
1599 1215 1710 1269 grie-

305 1272 507 1313 chischen
539 1273 738 1326 Lyrsszer,
781 1274 891 1315 Abh.
925 1275 961 1315 d.
995 1274 1228 1327 Gottinger
1260 1275 1356 1317 Ges.
1390 1275 1427 1315 d.
1450 1274 1710 1316 Wissensch.

303 1331 352 1372 N.
369 1331 416 1372 F.
448 1332 526 1373 Bd.
549 1332 587 1384 4,
619 1333 768 1374 Berlin
793 1332 917 1385 1900,
949 1346 987 1385 p.
1011 1333 1065 1374 83
1098 1333 1147 1374 Ν.
1171 1333 1222 1384 2).

304 1402 354 1443 A.
377 1402 410 1443 I.
434 1402 579 1448 Ζάκας
612 1404 784 1454 (Λυσίου
817 1404 933 1456 λόγοι
969 1404 1038 1444 καὶ
1071 1404 1378 1456 ἀποσπάσματα
1410 1404 1455 1445 II
1487 1403 1555 1444 Ἐν
1586 1403 1710 1456 Ἀθή-

302 1476 390 1506 ναις
425 1461 550 1514 1910,
584 1475 620 1513 p.
645 1462 730 1502 216
748 1464 864 1514 sqq).

92 1531 165 1583 qui
196 1531 282 1573 viri
315 1531 431 1573 docti
462 1532 639 1585 Lysiam
672 1533 752 1574 hoc
785 1533 1033 1585 opusculum
1064 1546 1148 1574 non
1181 1533 1404 1585 scripsisse
1427 1532 1711 1585 consentiunt,

89 1590 314 1632 Theodoro
337 1603 439 1633 Vero
462 1592 675 1644 Byzantio
698 1592 945 1634 tribuerunt
967 1593 1044 1634 Th.
1061 1592 1209 1645 Bergk
1242 1595 1285 1633 et
1316 1592 1363 1633 L.
1381 1593 1427 1633 P.
1450 1591 1710 1644 Roegholt.‘2)

207 1662 353 1713 Atque
386 1662 601 1703 Theodori
633 1663 780 1715 Bergk
822 1663 1092 1715 sententiam,
1135 1663 1208 1714 qui
1240 1663 1509 1704 Theodorum
1542 1663 1710 1715 Byzan-

89 1720 199 1762 tium
231 1724 450 1762 auctorem
484 1734 576 1763 esse
598 1722 759 1773 primus
792 1722 1035 1774 suspicatus
1069 1725 1145 1774 est,
1177 1721 1300 1763 novis
1329 1721 1592 1774 argumentis
1615 1733 1710 1772 pro-

89 1779 192 1821 latis
226 1780 476 1822 confirmare
510 1780 654 1822 conati
686 1784 796 1833 sunt,
830 1793 1085 1832 quamquam
1118 1781 1354 1822 orationem
1376 1780 1526 1821 nonin
1554 1779 1711 1821 iudicio

89 1839 296 1892 habitam,
329 1840 404 1880 sed
437 1839 762 1881 exercitationis
796 1852 926 1881 causa
959 1840 1236 1892 compositam
1269 1852 1361 1881 esse
1393 1839 1479 1880 rati
1512 1842 1622 1891 sunt,

302 1923 351 1964 E.
380 1922 550 1974 Drerup
585 1923 709 1966 (Berl.
741 1922 886 1974 philol.
909 1923 1058 1964 Woch.
1080 1922 1192 1964 XXI
1225 1922 1334 1962 1901
1379 1935 1417 1974 p.
1441 1921 1557 1973 251);
1599 1921 1711 1962 idem

303 1982 343 2029 (J
347 1982 415 2023 bb.
438 1981 466 2023 f.
490 1982 546 2023 kl.
570 1981 679 2023 Phil.
702 1982 878 2023 XXVII
911 1981 1055 2034 Suppl.
1091 1981 1202 2022 1902
1235 1994 1274 2033 p.
1298 1981 1380 2021 337
1400 1987 1515 2032 sqq).

303 2053 352 2094 V.
382 2052 618 2094 Schneider
665 2053 745 2103 (ΡΒ.
779 2052 934 2105 Lysias
976 2054 1067 2092 κατ’
1109 2052 1352 2092 Ἀνδοκίδου
1401 2052 1590 2104 ἀσεβείας
1622 2050 1710 2102 (VI)

301 2112 401 2153 Jbb.
424 2111 452 2153 f.
475 2111 532 2152 kl.
555 2111 665 2152 Phil.
688 2112 862 2153 XXVII
897 2111 1008 2152 1902
1040 2124 1079 2163 p.
1102 2110 1346 2161 352-372)
1382 2110 1500 2151 cuius
1533 2110 1585 2151 de
1617 2121 1710 2150 ora—

302 2170 433 2212 tionis
480 2174 638 2212 natura
679 2170 882 2211 iudicium
923 2183 1007 2211 non
1048 2182 1221 2222 prorsus
1264 2169 1346 2210 sibi
1389 2172 1569 2221 constat,
1617 2180 1711 2209 cum

301 2242 340 2282 p.
363 2229 447 2270 367
472 2229 709 2271 orationem
732 2242 824 2271 esse
844 2230 1029 2282 μελέτην,
1062 2242 1099 2281 p.
1117 2228 1201 2270 372
1224 2227 1487 2270 invectivam
1509 2226 1710 2279 sophisti-

303 2301 395 2330 cam
428 2289 615 2330 rhetoris
649 2288 868 2330 cuiusdam
901 2287 1196 2330 affirmaverit.

207 2371 404 2423 Denique
436 2372 611 2425 Lysiam
647 2375 865 2413 auctorem
898 2383 990 2412 esse
1024 2373 1281 2411 censuerunt

301 2443 399 2542 ὖοΙέ.
422 2443 563 2484 Franz
597 2443 675 2492 (De
701 2442 835 2495 Lysia
868 2445 1038 2483 oratore
1060 2441 1221 2493 Attico,
1253 2440 1561 2492 Norimbergae
1587 2438 1710 2491 1828,

333 2536 340 2543 .
408 2514 426 2543 s
490 2536 523 2543 ..

301 2515 344 2615 g.
364 2505 685 2626 Hu{{)(Lysiae
708 2572 935 2624 orationes,
960 2572 1022 2612 ed.
1041 2570 1195 2612 Oxonii
1221 2569 1346 2621 1912)
1380 2569 1453 2620 qui
1476 2581 1568 2610 eam
1591 2568 1711 2609 uncis

301 2644 386 2673 non
418 2631 594 2673 inclusit
615 2632 723 2673 haec
754 2630 978 2683 praefatus
1010 2643 1047 2682 p.
1070 2630 1133 2671 X:
1171 2641 1275 2682 „ego
1309 2628 1478 2680 quidem
1510 2631 1558 2668 ut
1589 2627 1633 2668 in
1664 2639 1711 2668 re

301 2691 469 2732 incerta
501 2691 613 2732 hanc
644 2690 853 2732 rationem
887 2692 1059 2731 secutus
1091 2701 1194 2741 sum,
1227 2691 1276 2729 ut
1307 2687 1458 2728 dubias
1492 2686 1594 2738 (scil.
1617 2698 1709 2727 ora-

301 2750 453 2802 tiones)
488 2750 646 2803 Lysiae
679 2748 950 2800 tribuerim&

208 2903 233 2948 2)
260 2905 297 2940 C.
316 2905 478 2947 Scheibe,
518 2904 649 2947 Lysiae
684 2903 867 2938 orationes
879 2901 902 2946 ²,
941 2902 1089 2946 Lipsiae
1110 2900 1209 2944 1887,
1236 2912 1269 2944 p.
1290 2899 1432 2942 LXXX,
1472 2903 1595 2933 utrum
1630 2909 1710 2933 cnm

90 2953 311 2987 Hoelschero
346 2963 425 2987 eam
451 2952 583 2986 Meleto
610 2951 842 2985 tribuendam
870 2961 915 2985 an
943 2960 963 2984 a
988 2950 1133 2984 rhetore
1164 2947 1363 2992 posteriore
1398 2946 1599 2981 confectam
1634 2956 1711 2980 esse

90 3004 251 3044 putaret,
279 3000 416 3044 apertis
443 2999 564 3034 verbis
592 3009 662 3033 non
689 2998 801 3032 dixit.

573 3134 586 3156 lt
