2077 3430
1004 329 1297 370 —38-

351 467 470 506 wisse
504 451 581 492 nisi
616 464 637 490 a
683 449 815 501 primo
859 452 1119 489 accusatore.
1182 445 1403 488 Eiusmodi
1446 445 1782 498 discrepantiam
1823 445 1868 487 in
1899 446 1963 488 in-

352 511 518 552 vectiva
555 509 618 549 vel
655 508 694 548 in
728 507 921 548 oratione
953 506 1055 547 ficta
1085 504 1192 546 nihil
1225 503 1471 546 offensionis
1493 504 1665 546 habere.
1728 503 1851 558 Quod
1883 517 1964 558 ego

352 567 596 611 incredibile
630 568 746 607 duco.
808 566 915 606 Num
959 569 1113 616 putare
1159 575 1381 615 possumus
1430 575 1535 615 eum,
1579 562 1652 614 qui
1699 563 1751 604 de
1792 563 1875 605 hac
1916 575 1964 606 re

351 632 543 669 vunnu-ta
577 629 619 666 et,
651 625 770 676 quasi
814 622 1106 665 inextricabili
1138 634 1206 663 res
1249 625 1351 663 ante
1383 621 1624 673 quindecim
1657 633 1790 664 annos
1822 621 1966 664 factas

352 685 563 738 perlucide
582 683 788 735 exposuit,
817 682 958 724 subito
977 685 1101 723 tanta
1118 680 1348 722 memoriae
1369 680 1622 722 infirmitate
1639 691 1732 722 esse
1750 681 1966 734 affectum,

351 752 393 785 ut
429 745 478 784 de
511 756 555 784 re
588 747 674 783 tam
707 741 831 794 gravi
864 741 906 782 in
949 741 1060 781 hunc
1097 739 1249 781 mirum
1283 751 1468 781 errorem
1500 739 1753 781 laberetur?
1804 739 1964 782 Parum

351 802 562 843 credibile.
626 802 769 851 Atque
810 799 943 840 multo
985 799 1124 840 minus
1166 797 1268 839 talis
1302 797 1595 850 discrepantia
1625 797 1670 839 in
1702 810 1809 840 vera
1839 810 1965 840 accu-

350 861 513 902 satione
547 859 726 912 cogitari
760 863 914 910 potest.
978 856 1220 909 Cephisium
1254 857 1364 898 enim
1397 857 1567 904 ἔνδειξιν
1596 856 1803 899 detulisse
1836 860 1880 899 et
1912 869 1966 899 ex

351 920 427 960 hac
471 919 662 959 oratione
702 917 902 958 discimus
947 921 990 958 et
1033 929 1084 957 ex
1116 915 1366 957 Andocidea
1413 927 1576 957 summa
1618 927 1712 957 cum
1745 915 1967 958 evidentia

350 984 537 1029 apparet.
591 978 713 1029 01:53·
737 976 803 1027 33,
838 976 903 1027 71,
939 975 1032 1027 111,
1067 974 1162 1027 137,
1197 974 1291 1016 139.

467 1035 662 1078 Codicum
696 1035 830 1087 igitur
862 1034 1087 1076 lectionem
1120 1046 1173 1075 ne
1205 1037 1296 1075 tum
1329 1033 1499 1085 quidem
1531 1033 1770 1086 probarem,
1802 1033 1839 1075 si
1871 1046 1966 1076 cum

349 1095 532 1135 Weber«)
566 1094 907 1144 Schneideroque
940 1092 1175 1134 orationem
1207 1104 1284 1144 pro
1317 1091 1540 1134 invectiva
1570 1095 1668 1144 post
1699 1091 1821 1134 litem
1854 1104 1964 1134 com-

350 1154 490 1205 posita
522 1153 732 1204 haberem,
766 1152 867 1203 qnia
898 1151 974 1193 illa
1005 1151 1140 1193 verba
1170 1163 1440 1203 nequaquam
1464 1151 1518 1192 ab
1542 1154 1690 1193 actore
1711 1151 1966 1193 secundario

350 1211 529 1264 proferri
564 1215 772 1263 possunt.⁴
803 1211 994 1263 Accedit,
1028 1210 1140 1262 quod
1172 1210 1237 1251 ἐπὶ
1258 1214 1307 1264 τῇ
1330 1211 1411 1264 ἐμῇ
1432 1211 1643 1263 προφάσει
1665 1211 1719 1252 ab
1743 1213 1966 1253 auctorum

350 1273 606 1311 Graecorum
629 1282 706 1310 usu
729 1269 897 1311 dicendi
915 1270 1115 1311 recedere
1131 1268 1317 1311 videtur.
1350 1269 1512 1311 Weber
1527 1281 1566 1321 p.
1580 1268 1636 1310 33
1658 1269 1781 1321 ponit
1802 1269 1965 1323 signifi-

350 1329 556 1370 cationem
579 1341 697 1380 „mea
711 1341 851 1381 opera,
863 1341 929 1369 me
949 1327 1198 1380 auctore“,7)
1217 1340 1344 1379 quam
1356 1340 1495 1379 neque
1514 1328 1629 1380 apud
1641 1332 1836 1370 oratores
1847 1328 1965 1370 Atti-

352 1401 420 1428 cos
442 1399 578 1438 neque
600 1387 703 1428 alibi
726 1387 882 1440 inveni,
915 1387 951 1428 si
983 1387 1088 1428 fides
1111 1390 1177 1428 est
1198 1387 1398 1429 habenda
1429 1386 1662 1440 Stephano,
1695 1387 1767 1439 qui
1800 1388 1852 1429 de
1884 1387 1968 1430 hac

349 1459 451 1487 voce
483 1446 701 1487 subtiliter
733 1446 836 1499 agit.
899 1446 1133 1487 Schneider
1164 1458 1267 1487 vero
1301 1447 1352 1498 (p.
1375 1445 1476 1498 365)
1509 1446 1617 1488 haec
1637 1446 1774 1488 verba
1806 1446 1967 1499 optime

350 1504 540 1555 intellegi
589 1504 776 1546 affirmat
823 1504 1185 1557 interpretatione
1217 1504 1379 1546 Dobrei
1427 1504 1636 1558 adhibita,
1685 1505 1757 1557 qui
1803 1505 1868 1548 ita
1915 1517 1967 1547 ea

349 1564 535 1616 explieat
559 1563 833 1613 (Adversaria
857 1564 1019 1616 critica,
1041 1563 1189 1605 Berlin
1214 1563 1338 1617 1874,
1371 1564 1393 1605 I
1414 1576 1452 1616 p.
1480 1563 1597 1616 198):
1633 1565 1725 1617 ,,ε’πὶ
1756 1565 1968 1618 προφάσει

347 1627 393 1675 τῇ
433 1622 538 1674 πρὸς
580 1623 652 1675 ἐμὲ
700 1623 895 1676 διαφορᾷ,
943 1622 1086 1675 Angl.:
1139 1635 1194 1664 an
1237 1622 1476 1676 occasion“,
1524 1623 1813 1675 compluribus
1859 1623 1968 1665 locis

350 1681 543 1733 Lysiacis
587 1681 752 1722 allatis:
806 1682 870 1722 IX
896 1681 960 1734 13,
995 1681 1071 1733 153
1117 1681 1207 1723 XII
1230 1681 1268 1734 6,
1309 1681 1424 1723 XIII
1449 1681 1515 1735 12,
1557 1682 1665 1725 XIV
1691 1683 1726 1735 1,
1763 1683 1916 1725 XXIV
1941 1683 1964 1724 1

348 1740 455 1791 aliis,
503 1740 574 1780 ubi
615 1741 825 1793 πρόφασις
872 1740 1088 1793 significat
1131 1752 1302 1782 causam
1345 1740 1439 1782 sive
1480 1753 1629 1782 veram
1675 1741 1768 1783 sive
1809 1741 1967 1784 fictam.

349 1798 533 1851 Quorum
568 1798 751 1840 locorum
786 1811 913 1840 unum
947 1799 1074 1841 affert
1106 1799 1342 1841 Schneider
1373 1800 1487 1842 XIII
1512 1799 1588 1842 12:
1620 1801 1768 1853 ἐκείνῳ
1788 1800 1868 1854 μὲν
1890 1799 1967 1842 οὗν

349 1858 611 1910 (δικαστήριον
632 1859 1022 1910 παρασκευάσαντες
1038 1859 1112 1899 καὶ
1129 1859 1383 1904 εἰσελθόντες
1400 1860 1441 1900 οἳ
1455 1859 1709 1913 βουλόμενοι
1727 1860 1968 1913 ὀλιγαρχίαν

348 1917 680 1969 καταστήσασθαι
705 1917 947 1957 ἀπέκτειναν
979 1918 1022 1957 ἕν
1053 1922 1102 1971 τῇ
1133 1918 1344 1971 προφάσει
1382 1919 1519 1972 ταύτῃ,
1550 1918 1624 1960 ubi
1655 1919 1869 1972 πρόφασις
1901 1921 1969 1961 est

352 1987 507 2024 „causa
548 1975 674 2016 ficta“
721 1976 928 2028 respectis
970 1976 1115 2018 verbis
1159 1989 1269 2028 quae
1301 1977 1584 2019 antecedunt:
1637 1978 1678 2018 οῖ
1709 1978 1754 2019 δὲ
1786 2011 1794 2020 .
1829 2011 1836 2018 .
1869 2011 1878 2019 .
1910 1979 1968 2023 εἷς

347 2034 489 2084 ἀγῶνα
524 2034 779 2087 Κλεοφῶντα
813 2036 1043 2087 καθιστᾶσι,
1086 2036 1299 2088 πρόφασιν
1338 2036 1418 2089 μὲν
1451 2037 1510 2077 ὅτι
1552 2037 1631 2077 οὐκ
1670 2036 1798 2090 ἦλθεν
1830 2038 1887 2082 εἷς
1918 2036 1966 2077 τὰ

348 2092 452 2131 ὅπλα
507 2093 864 2145 ἀναπαυσόμενος,
916 2094 962 2134 τὸ
1016 2095 1053 2135 δ’
1087 2095 1241 2148 ἀληθὲς
1293 2095 1352 2135 ὅτι
1393 2095 1476 2137 κτλ.
1539 2095 1684 2148 Quare
1735 2096 1967 2138 secundum

352 2151 562 2192 l)ob1·eum
596 2151 985 2204 Schneiderumque
1027 2153 1103 2194 illa
1150 2153 1416 2195 accusatoris
1457 2155 1593 2197 verba
1633 2155 1748 2196 hunc
1789 2154 1881 2197 fere
1922 2154 1967 2196 in

350 2211 513 2250 moduni
546 2214 645 2269 sunt
677 2211 1024 2263 interpretanda:
1057 2224 1181 2264 spero
1215 2225 1309 2254 eum
1340 2225 1521 2265 poenam
1554 2214 1755 2255 daturum
1788 2226 1881 2256 esse
1914 2226 1967 2255 ex

348 2268 578 2320 occasione,
612 2281 719 2320 quae
751 2270 854 2310 mihi
887 2274 953 2312 est
984 2271 1167 2312 maxime
1199 2271 1364 2314 idonea.
1427 2272 1549 2325 Quae
1579 2273 1716 2314 verba
1748 2272 1851 2324 quid
1883 2272 1966 2314 sibi

348 2326 494 2377 velint,
526 2327 617 2368 sive
650 2329 702 2369 ab
736 2332 880 2370 actore
913 2329 1115 2381 primario
1149 2330 1241 2373 sive
1273 2343 1299 2372 a
1331 2331 1584 2373 secundario
1617 2331 1830 2385 dicuntur,
1861 2331 1967 2373 mihi

347 2385 567 2426 obscurum
602 2400 693 2427 esse
726 2388 939 2429 confiteor.

466 2444 628 2496 Quibus
671 2447 721 2486 de
769 2446 908 2487 causis
956 2449 1010 2488 ad
1052 2448 1312 2490 Thalheimii
1358 2448 1618 2491 sententiam
1671 2450 1840 2502 accedo,
1893 2448 1967 2501 qui

351 2502 483 2543 lovum
518 2508 760 2555 corruptum
795 2518 886 2546 esse
918 2511 1039 2548 ratus
1063 2507 1123 2557 (B.
1145 2507 1214 2559 ph.
1238 2508 1305 2549 W.
1328 2508 1435 2550 XIV
1461 2508 1574 2548 1894
1608 2508 1684 2550 601.
1709 2508 1835 2560 1063)
1869 2520 1965 2560 pro-

348 2561 490 2612 posuit
522 2562 584 2601 ἕπὶ
617 2564 713 2616 τῇδε
748 2568 793 2617 τῇ
824 2566 1046 2618 προφάσει,
1080 2566 1105 2607 i.
1129 2578 1163 2608 e.
1186 2566 1267 2608 hac
1300 2579 1352 2608 ex
1386 2579 1527 2619 causa,
1559 2567 1602 2608 in
1625 2567 1707 2609 hac
1729 2567 1965 2609 occasione.

349 2623 441 2671 Qua
489 2622 782 2662 emendatione
827 2628 1002 2675 recepta
1032 2624 1140 2666 nihil
1172 2625 1257 2666 iam
1290 2626 1448 2679 obstat,
1492 2626 1594 2677 quin
1627 2626 1865 2668 orationem
1896 2626 1967 2668 Ps.

350 2678 447 2729 Lys.
472 2679 544 2720 VI.
576 2692 657 2720 non
691 2694 783 2722 esse
814 2681 1076 2725 invectivam
1109 2684 1178 2726 vel
1209 2685 1395 2738 μελέτην,
1439 2686 1513 2726 sed
1547 2685 1886 2738 deuterologiam
1918 2697 1967 2727 re

350 2749 450 2777 vora
484 2750 622 2779 eoram
647 2739 858 2781 indicibus
881 2745 1045 2782 oratam
1068 2742 1314 2797 iudicemus,
1348 2744 1390 2785 id
1421 2745 1532 2795 quod
1555 2744 1635 2785 1106
1658 2743 1969 2796 disputationis

349 2795 488 2846 rapite
521 2798 743 2839 ostendere
776 2799 878 2840 mihi
911 2813 1225 2852 proposueram.

467 2936 489 2978 τ)
517 2938 687 2973 similiter
730 2939 798 2973 ium
835 2941 984 2976 Reiske:
1032 2953 1115 2987 „per
1157 2943 1381 2978 occasionem
1424 2944 1506 2988 mei,
1549 2954 1605 2979 me
1643 2944 1746 2979 litem
1790 2944 1967 2980 adversus

346 2983 565 3018 Amba-idom
595 2985 832 3021 iiistrilcintc“.
