2077 3430
820 630 978 691 Vita.

204 769 344 811 Natus
377 783 468 812 sum
492 771 704 825 Georgius
726 772 897 825 Begodt
920 784 956 814 a.
979 773 1016 814 d.
1039 772 1101 814 IV
1134 772 1229 814 idus
1252 772 1511 814 Decembres
1539 786 1575 815 a.
1600 772 1711 814 1887

87 827 132 869 in
165 827 366 880 oppidulo
399 829 576 883 Belgico
620 831 732 882 quod
764 834 923 872 vocant
954 831 1174 873 Nazareth
1206 835 1331 883 patre
1362 831 1532 885 Adolfo,
1574 835 1714 873 matre

87 887 371 940 Margaretha
394 901 416 930 e
433 892 563 941 gente
582 889 828 931 Steinbach.
860 889 1010 931 Fidem
1027 890 1234 942 profiteor
1256 890 1523 932 catholicam.
1556 890 1713 932 Primis

86 945 333 987 litterarum
377 947 600 989 elementis
642 948 832 990 imbutus
870 949 1096 1002 Augustae
1127 949 1412 990 Treverorum
1455 961 1565 990 anno
1601 949 1712 990 1899

86 1008 288 1057 receptus
329 1018 421 1047 sum
459 1007 503 1048 in
545 1007 814 1060 gymnasium
845 1007 1379 1050 Friderico-Guilelmium.
1440 1009 1565 1050 Anno
1602 1007 1711 1049 1907

86 1063 131 1105 in
162 1075 383 1106 numerum
415 1066 698 1107 Borussorum
742 1066 898 1108 civium
942 1067 1104 1108 ascitus
1147 1079 1256 1108 anno
1300 1067 1544 1118 insequenti
1575 1070 1712 1108 matu-

85 1122 233 1164 ritatis
265 1124 558 1166 testimonium
591 1126 773 1177 adeptus
805 1137 897 1167 sum
930 1130 984 1178 et,
1026 1129 1253 1178 postquam
1293 1130 1388 1167 octo
1425 1125 1517 1167 fere
1547 1138 1713 1167 menses

86 1181 131 1223 in
163 1183 415 1235 argentaria
447 1196 539 1225 sum
572 1188 783 1233 versatus,
816 1197 918 1225 vere
952 1184 1051 1226 anni
1083 1184 1195 1226 1909
1227 1185 1420 1226 Bonnam
1453 1197 1518 1226 me
1552 1185 1713 1226 contuli

86 1240 242 1282 studiis
263 1242 536 1295 philologicis
559 1255 731 1295 operam
761 1244 962 1295 daturus3
994 1243 1060 1285 bis
1084 1256 1158 1285 sex
1180 1243 1396 1285 mensibus
1418 1247 1516 1295 post
1548 1243 1713 1285 civibus

87 1299 225 1341 almae
267 1301 419 1343 matris
460 1302 754 1344 Berolinensis
797 1302 1040 1354 adscriptus
1083 1314 1185 1355 sum,
1233 1303 1345 1344 unde
1386 1306 1484 1354 post
1526 1306 1595 1344 ter
1638 1315 1713 1344 sex

85 1371 252 1401 menses
275 1360 586 1402 Monasterium
618 1361 730 1413 veni,
763 1365 811 1402 ut
844 1361 989 1402 studia
1012 1362 1065 1403 ad
1088 1361 1213 1402 finem
1235 1362 1524 1413 perducerem.
1572 1362 1711 1403 Docu-

87 1422 214 1459 erunt
245 1431 311 1460 me
343 1419 427 1461 viri
461 1420 708 1461 clarissimi:
741 1420 1020 1471 Brinkmann,
1053 1420 1217 1473 Dyroff,
1249 1420 1461 1473 Funaioli,
1494 1419 1714 1471 Gaufinez,

87 1476 211 1530 Heiss,
244 1478 469 1520 Loeschke
504 1485 627 1529 (nunc
659 1479 978 1531 Berolinensis),
1010 1480 1147 1531 Marx,
1181 1480 1233 1520 de
1265 1479 1362 1520 Mess
1397 1482 1521 1530 (nunc
1553 1478 1712 1520 Tubin-

85 1536 256 1590 gensis),
295 1537 449 1579 Nissen
467 1537 511 1593 †,
544 1538 804 1579 Wentscher
835 1538 1033 1589 Bonnae,
1076 1538 1208 1591 Diels,
1241 1538 1438 1591 Ebeling,
1471 1537 1713 1591 Haguenin,

85 1595 265 1648 Lasson,
298 1597 489 1648 Meister,
532 1597 581 1638 E.
604 1597 765 1649 Meyer,
808 1596 933 1649 Mors,
976 1595 1223 1652 Muench†,
1266 1597 1449 1650 Norden,
1491 1596 1714 1649 Pariselle,

86 1654 226 1708 Riehl,
256 1655 324 1697 W.
348 1655 541 1706 Schulze,
575 1656 626 1697 de
651 1655 941 1697 Wilamowitz
974 1655 1188 1708 Berolini3
1222 1656 1370 1709 Cauer,
1394 1656 1570 1709 Geyser,
1593 1655 1712 1697 Hoff-

85 1725 225 1767 mann,
258 1714 383 1756 Kroll
416 1717 541 1765 (nunc
574 1714 939 1767 Vratislavensis),
979 1714 1192 1767 Mettlich,
1225 1715 1492 1767 Muenscher,
1525 1714 1713 1756 Sonnen-

85 1773 208 1826 burg,
231 1773 389 1826 Wiese,
413 1774 631 1815 Wuensch
664 1773 930 1815 Monasterii.
982 1773 1383 1815 Exercitationibus
1415 1773 1713 1826 proseminarii

86 1832 338 1886 philologici
372 1833 551 1875 interfui
573 1833 750 1874 Bonnae
782 1845 859 1884 per
890 1845 965 1874 sex
997 1845 1174 1885 menses
1206 1832 1399 1874 Berolini
1432 1845 1509 1885 per
1540 1832 1606 1874 bis
1639 1844 1714 1873 sex

86 1903 265 1945 menses,
298 1892 555 1934 Monasterii
586 1904 663 1944 per
695 1904 770 1933 sex
802 1904 989 1944 menses,
1023 1891 1175 1944 Krolli,
1208 1891 1492 1944 Muenscheri,
1525 1891 1712 1933 Sonnen-

84 1950 212 2003 burgi
239 1951 543 1993 benevolentia
575 1950 679 1992 mihi
713 1950 907 2003 contigit,
940 1954 989 1991 ut
1010 1950 1054 1991 in
1077 1950 1350 1992 seminarium
1373 1950 1714 1992 Monasteriense

85 2010 314 2063 reciperer,
359 2010 479 2052 cuius
516 2022 594 2062 per
636 2022 791 2051 annum
834 2009 897 2050 fui
940 2009 1099 2051 sodalis
1142 2009 1406 2061 ordinarius,
1451 2022 1473 2050 e
1507 2021 1713 2050 commen-

86 2069 338 2122 tationibus
372 2082 478 2121 quas
500 2073 592 2111 tum
616 2069 830 2121 composui
855 2069 905 2109 de
928 2068 1088 2121 Lysiae
1121 2068 1388 2110 orationibus
1420 2068 1492 2109 VI.
1516 2071 1561 2109 et
1582 2068 1715 2119 VIII„

87 2134 185 2169 orta
219 2132 285 2170 est
318 2128 568 2170 dissertatio
602 2127 882 2181 inauguralis,
916 2127 1036 2169 cuius
1058 2131 1225 2179 partem
1247 2127 1433 2179 priorem
1456 2127 1536 2168 hoc
1567 2126 1713 2168 libello

87 2187 203 2229 edito
243 2187 405 2240 publici
447 2187 553 2229 iuris
596 2186 720 2228 facio.
783 2187 1020 2228 Praeterea
1061 2191 1109 2228 ut
1151 2186 1310 2227 sodalis
1353 2198 1488 2227 essem
1530 2185 1715 2238 benigne

86 2246 191 2287 mihi
223 2247 513 2299 permiserunt
556 2245 780 2288 societatis
823 2245 1180 2298 franco-gallicae
1211 2244 1453 2298 Haguenin,
1495 2243 1714 2286 seminarii

87 2305 374 2358 philosophici
417 2306 594 2358 Geyser,
642 2304 960 2357 franco-gallici
1002 2303 1160 2345 Wiese.
1229 2303 1345 2346 Viris
1386 2303 1485 2356 illis,
1533 2302 1606 2354 qui
1648 2315 1714 2344 me

88 2365 337 2418 docuerunt,
365 2365 532 2418 gratias
565 2376 646 2417 ago
671 2376 776 2416 quas
799 2363 932 2404 debeo
965 2363 1184 2416 maximas,
1216 2366 1392 2415 praeter
1424 2365 1589 2404 ceteros
1610 2373 1714 2403 vero

88 2423 240 2466 Carolo
272 2424 541 2476 Muenscher,
584 2423 657 2475 qui
690 2426 734 2464 et
764 2422 892 2464 huius
924 2421 1231 2474 disputationis
1274 2421 1526 2463 scribendae
1565 2422 1715 2462 auctor

85 2482 191 2524 mihi
224 2483 396 2525 exstitit
428 2486 472 2525 et
504 2483 547 2524 in
580 2481 782 2535 opusculo
816 2480 1076 2523 conficiendo
1109 2493 1241 2533 opera
1272 2484 1317 2522 et
1349 2479 1525 2522 consilio
1548 2491 1716 2531 semper

86 2555 153 2583 me
186 2542 366 2585 adiuvit.
