2077 3430
1004 318 1296 361 -10-

342 442 495 493 quibus
528 452 620 481 cum
655 439 760 480 viris
793 438 931 479 doctis
964 437 1070 479 fecit

554 511 602 553 G.
626 511 730 551 Zutt
769 508 864 557 (Die
896 508 1015 549 Rede
1057 508 1131 548 des
1173 505 1416 548 Andocides
1458 506 1551 558 περὶ
1593 509 1677 546 τῶν
1719 506 1961 558 μυστηρίων

554 569 638 609 und
671 568 740 609 die
771 568 890 608 Rede
923 567 997 607 des
1029 565 1186 618 Lysias
1227 566 1318 605 κατ’
1341 564 1587 605 Ἀνδοκίδου
1620 564 1653 606 Ι.
1675 563 1781 616 Teil,
1813 564 1962 617 Progr.

553 626 800 668 Manuheim
836 625 961 675 1891)

343 699 416 740 sed
439 698 514 750 ita,
547 701 595 738 ut
618 696 868 748 orationem,
902 707 1027 747 quam
1050 694 1267 746 habemus,
1301 706 1353 735 ex
1374 705 1481 735 vera
1501 693 1689 746 Lysiaca
1716 696 1963 745 excerptam

342 770 433 798 esse
466 759 671 797 censeret.

459 814 713 866 Priusquam
746 817 889 854 autem
923 813 976 854 ad
1004 812 1140 864 ipsam
1164 810 1498 863 disputationem
1522 811 1574 852 de
1595 810 1669 852 VI.
1692 823 1802 862 quae
1823 810 1964 852 fertur

341 874 500 927 Lysiae
533 873 742 914 orationis
775 871 1003 913 authentia
1044 874 1176 922 atque
1207 870 1290 911 fide
1322 870 1534 922 accedam,
1576 869 1725 921 paucis
1757 869 1961 911 disseram

341 934 392 974 de
425 931 658 974 Andocidis
701 931 807 983 vita,
849 935 898 972 ut
940 941 1256 983 cognoscamus,
1299 928 1453 980 quibus
1486 928 1627 970 causis
1660 928 1857 970 commoti
1890 929 1962 970 ad-

340 991 522 1033 versarii
556 995 679 1032 tanto
711 989 946 1031 Andocidis
985 988 1081 1030 odio
1114 987 1409 1041 flagraverint,
1450 990 1499 1029 ut
1539 999 1678 1038 neque
1719 986 1828 1028 alias
1870 999 1964 1029 eum

340 1062 500 1091 vexare
542 1061 740 1101 umquam
784 1048 1031 1090 desinerent
1073 1051 1117 1089 et
1158 1050 1262 1088 tunc
1294 1045 1500 1099 temporis
1534 1045 1572 1087 ei
1605 1046 1716 1087 hanc
1747 1045 1868 1088 litem
1899 1046 1962 1087 in-

341 1110 579 1150 tenderent.

457 1167 700 1209 Andocides
715 1167 743 1218 3)
788 1178 880 1207 cum
924 1177 1034 1207 anno
1067 1164 1152 1206 415
1186 1165 1238 1206 de
1270 1164 1443 1206 Hermis
1483 1163 1697 1205 mutilatis
1739 1163 1784 1205 in
1825 1163 1962 1216 suspi-

342 1227 504 1268 cionem
543 1226 767 1267 incidisset
809 1228 853 1266 et
896 1224 939 1265 in
972 1224 1146 1266 vincula
1189 1223 1408 1265 coniectus
1451 1226 1576 1276 esset,
1618 1222 1769 1264 mortis
1810 1222 1965 1264 timore

341 1290 572 1327 commotus
604 1284 776 1326 nomina
807 1283 1039 1325 amicorum
1072 1282 1277 1325 nobilium
1301 1282 1470 1335 detulit,
1502 1285 1551 1323 ut
1582 1281 1675 1334 ipse
1705 1281 1965 1334 impunitate

341 1346 445 1386 data
486 1344 622 1386 vitam
666 1346 875 1395 servaret,
917 1343 992 1384 sed
1024 1342 1152 1394 paulo
1185 1345 1283 1394 post
1323 1341 1539 1383 nobilibus
1576 1340 1682 1393 ipsis
1715 1340 1964 1382 auctoribus

340 1403 584 1445 Isotimides
607 1402 779 1454 quidam
802 1401 988 1455 rogavit,
1011 1404 1061 1443 ut
1083 1400 1338 1453 quicumque
1359 1399 1571 1453 flagitium
1596 1399 1816 1442 confessus
1838 1403 1964 1452 esset,

340 1476 363 1503 a
397 1462 489 1503 foro
523 1465 566 1503 et
597 1461 770 1514 templis
809 1464 1042 1502 arceretur.
1105 1460 1197 1513 Quo
1229 1459 1488 1512 populiscito
1519 1458 1688 1512 perlato
1720 1459 1964 1500 Andocides

338 1521 523 1563 Athenis
556 1520 764 1573 aufugere
797 1523 971 1562 coactus
992 1523 1263 1561 mercaturae
1295 1530 1427 1560 causa
1456 1521 1658 1560 externas
1680 1517 1790 1560 adiit
1810 1521 1964 1559 terras.

338 1581 397 1621 Et
430 1580 611 1632 primum
634 1579 804 1631 quidem
827 1578 1156 1632 quadringentis
1178 1578 1265 1619 illis
1287 1590 1376 1619 rem
1398 1577 1613 1630 publicam
1635 1577 1965 1619 Atheniensium

340 1638 761 1691 administrantibuS,
802 1641 956 1691 postea
998 1650 1108 1680 anno
1151 1636 1243 1679 fere
1275 1636 1359 1678 407
1406 1637 1573 1678 domum
1615 1636 1757 1678 redire
1799 1635 1965 1678 frustra

340 1702 518 1739 ‹1·0natus
551 1701 638 1750 est;
680 1710 779 1739 nam
812 1709 1069 1749 quamquam
1111 1696 1307 1738 oratione
1346 1696 1442 1749 περὶ
1473 1700 1544 1749 τῆς
1575 1697 1725 1736 ἑαυτοῦ
1757 1695 1964 1748 καθόδου,

341 1770 464 1809 quam
505 1757 735 1798 secundam
767 1756 812 1798 in
855 1768 1032 1808 corpore
1064 1755 1311 1797 Andocideo
1344 1755 1562 1807 habemus,
1605 1754 1721 1796 cives
1763 1753 1963 1806 implora-

338 1820 476 1868 verat,
510 1820 558 1857 ut
590 1815 827 1857 Isotimidis
859 1815 1151 1868 psephismate
1184 1814 1354 1856 sublato
1387 1813 1687 1866 impunitatem
1720 1816 1851 1855 antea
1881 1813 1964 1854 sibi

340 1877 556 1917 decretam
600 1875 895 1928 restituerent,
942 1878 1087 1916 tamen
1127 1873 1395 1915 inimicorum
1443 1872 1748 1914 auctoritatem
1790 1871 1965 1914 vincere

339 1947 423 1975 uon
462 1934 616 1986 potuit.
678 1933 876 1986 Denique
917 1937 1016 1986 post
1056 1933 1242 1986 triginta
1283 1936 1491 1986 tyrannos
1534 1943 1707 1974 eversos
1749 1931 1965 1973 oblivione

339 2006 481 2034 rerum
525 1997 627 2035 ante
670 1997 865 2035 actarum
907 1992 1046 2034 fretus
1089 2004 1307 2045 reversus,
1350 1991 1549 2043 quoniam
1593 1990 1781 2044 negotiis
1822 1994 1963 2032 trans-

340 2052 517 2094 marinis
550 2052 739 2094 feliciter
760 2051 996 2094 transactis
1018 2063 1197 2105 magnas
1230 2063 1331 2103 opes
1363 2050 1446 2092 sibi
1470 2052 1809 2102 comparaverat,
1840 2049 1964 2092 brevi

340 2111 523 2153 omnium
567 2111 710 2153 oculos
752 2111 796 2152 in
843 2123 889 2152 se
936 2110 1170 2163 convertit,
1217 2109 1282 2152 ita
1327 2113 1376 2151 ut
1423 2108 1743 2162 gymnasiarchi
1789 2120 1964 2150 munere

341 2172 513 2212 functus
546 2170 847 2212 architheorus
880 2170 935 2211 ad
966 2169 1090 2211 ludos
1117 2169 1346 2211 Isthmicos
1370 2171 1414 2210 et
1436 2168 1680 2221 Olympicos
1702 2167 1962 2209 mitteretur.

340 2231 441 2271 (ssum
464 2242 566 2271 vero
600 2229 730 2271 etiam
763 2229 806 2270 in
839 2232 992 2270 senatu
1016 2232 1060 2270 et
1081 2228 1125 2269 iu
1148 2228 1346 2270 contione
1367 2227 1547 2268 multum
1570 2227 1716 2268 valere
1740 2226 1963 2279 coepisset,

342 2288 500 2329 inimici
536 2301 645 2330 anno
673 2289 757 2329 399
791 2288 961 2330 actione
994 2289 1184 2342 ἀσεβείας
1222 2287 1437 2329 instructa
1467 2285 1698 2339 perniciem
1733 2285 1771 2327 ei
1809 2285 1965 2327 afferre

341 2348 482 2389 ‹eon-ati
516 2351 626 2389 sunt.

459 2406 526 2447 Ex
550 2406 709 2459 Lysiae
732 2419 841 2458 quae
864 2407 1005 2447 fertur
1036 2405 1244 2447 orationis
1267 2405 1340 2447 VI.
1372 2404 1395 2458 ξ
1418 2404 1474 2445 30
1508 2403 1787 2456 comperimus
1818 2403 1963 2445 Ando-

341 2465 475 2506 cidem
509 2465 639 2507 semel
671 2465 755 2506 iam
789 2470 891 2507 ante
922 2465 1054 2518 litem,
1087 2465 1131 2506 in
1164 2477 1248 2516 qua
1280 2464 1387 2506 haec
1420 2463 1558 2505 oratio
1592 2463 1745 2504 habita
1777 2465 1854 2515 est,
1886 2474 1963 2514 per

340 2525 510 2571 ἔνδειξιν
551 2537 668 2566 reum
708 2525 870 2566 factum
914 2536 1023 2576 esse3
1067 2536 1176 2576 quae
1219 2523 1332 2565 actio
1375 2523 1430 2564 ad
1462 2522 1586 2564 finem
1618 2522 1827 2574 perducta
1870 2533 1963 2563 esse

340 2595 422 2624 uon
454 2584 639 2636 videtur,
673 2596 766 2625 cum
793 2595 931 2634 neque
959 2583 1032 2625 VI.
1055 2582 1263 2625 orationis
1296 2586 1446 2624 auctor
1477 2582 1521 2622 in
1554 2581 1792 2622 accusando
1825 2592 1963 2631 neque

339 2643 582 2684 Andocides
601 2642 753 2694 ipsein
772 2642 1038 2683 defendendo
1057 2642 1289 2694 quidquam
1307 2642 1359 2682 de
1383 2640 1502 2682 exitu
1520 2640 1636 2682 illius
1654 2640 1744 2681 litis
1761 2639 1962 2680 dixerint.

458 2702 593 2743 Paulo
626 2706 724 2753 post
766 2702 920 2743 iterum
954 2714 1030 2753 per
1072 2702 1243 2748 ἔνδειξιν
1275 2701 1464 2754 ἀσεβείας
1507 2712 1600 2741 eum
1643 2699 1686 2740 in
1728 2698 1794 2740 ius
1836 2710 1961 2740 voca-

340 2766 507 2810 verunt,
541 2761 651 2812 quod
675 2760 836 2813 templa
866 2760 1045 2802 adiisset
1066 2759 1369 2813 mysteriisque
1392 2758 1673 2810 interfuisset,
1707 2769 1962 2809 quamquam

458 2891 482 2931 ³)
510 2891 561 2925 De
589 2890 786 2925 Andocidis
813 2891 903 2933 vita,
939 2901 1045 2933 quam
1073 2890 1240 2925 novimus
1267 2900 1313 2924 ex
1343 2888 1541 2924 Andocidis
1573 2888 1689 2932 ipsius
1724 2886 1961 2930 orationibus,

341 2949 387 2971 ex
418 2938 500 2980 Lys.
521 2938 593 2981 VI„
621 2949 667 2972 ex
697 2939 754 2972 I's.
775 2939 873 2972 Plut.
893 2938 924 2972 X
951 2942 1041 2972 orat.
1065 2938 1143 2980 vit,
1177 2938 1300 2972 confer
1326 2937 1364 2971 F.
1383 2937 1486 2978 Blass,
1513 2937 1591 2970 Att.
1611 2936 1691 2970 Ber.
1709 2932 1750 2969 1²
1775 2946 1807 2978 p.
1826 2932 1961 2976 284sq.

341 2989 377 3019 et
402 2985 435 3019 J.
455 2985 498 3019 H.
518 2985 695 3029 Lipsium,
723 2986 744 3019 l.
764 2985 786 3019 1.
815 2997 846 3029 p.
868 2985 937 3019 VII
953 2997 1015 3028 sq.‚
1044 2985 1104 3019 ubi
1131 2985 1344 3019 testimonia
1371 2984 1485 3018 allata
1511 2987 1608 3018 sunt.
