<?xml version="1.0" encoding="UTF-8"?>
<!DOCTYPE html PUBLIC "-//W3C//DTD XHTML 1.0 Transitional//EN"
    "http://www.w3.org/TR/xhtml1/DTD/xhtml1-transitional.dtd">
<html xmlns="http://www.w3.org/1999/xhtml" xml:lang="en" lang="en">
 <head>
  <title>
</title>
<meta http-equiv="Content-Type" content="text/html;charset=utf-8" />
  <meta name='ocr-system' content='tesseract 3.04.00' />
  <meta name='ocr-capabilities' content='ocr_page ocr_carea ocr_par ocr_line ocrx_word'/>
</head>
<body>
  <div class='ocr_page' id='page_1' title='image "./deorationekatand00begouoft_0020.png"; bbox 0 0 2077 3430; ppageno 0'>
   <div class='ocr_carea' id='block_1_1' title="bbox 1036 331 1329 372">
    <p class='ocr_par' dir='ltr' id='par_1_1' title="bbox 1036 331 1329 372">
     <span class='ocr_line' id='line_1_1' title="bbox 1036 331 1329 372; baseline -0.003 -11"><span class='ocrx_word' id='word_1_1' title='bbox 1036 331 1329 372; x_wconf 74' lang='lat'>-18-</span> 
     </span>
    </p>
   </div>
   <div class='ocr_carea' id='block_1_2' title="bbox 366 447 1990 682">
    <p class='ocr_par' dir='ltr' id='par_1_2' title="bbox 366 447 1990 682">
     <span class='ocr_line' id='line_1_2' title="bbox 366 447 1987 507; baseline -0.004 -14"><span class='ocrx_word' id='word_1_2' title='bbox 366 472 431 507; x_wconf 63' lang='grc' dir='ltr'>με,</span> <span class='ocrx_word' id='word_1_3' title='bbox 466 457 587 506; x_wconf 63' lang='grc' dir='ltr'>σφῶν</span> <span class='ocrx_word' id='word_1_4' title='bbox 620 453 663 490; x_wconf 69' lang='grc' dir='ltr'>δὲ</span> <span class='ocrx_word' id='word_1_5' title='bbox 686 452 823 491; x_wconf 66' lang='lat' dir='ltr'>as&#39;vrd‘n</span> <span class='ocrx_word' id='word_1_6' title='bbox 844 451 1158 502; x_wconf 64' lang='grc' dir='ltr'>προΐστησαντο</span> <span class='ocrx_word' id='word_1_7' title='bbox 1182 447 1818 500; x_wconf 64' lang='grc' dir='ltr'><strong>τ1μ1119ὸνγενέσθαιΚηφίσιον</strong></span> <span class='ocrx_word' id='word_1_8' title='bbox 1841 463 1878 488; x_wconf 86' lang='grc' dir='ltr'>κ.</span> <span class='ocrx_word' id='word_1_9' title='bbox 1901 463 1931 487; x_wconf 82' lang='grc' dir='ltr'>τ.</span> <span class='ocrx_word' id='word_1_10' title='bbox 1954 447 1987 488; x_wconf 81' lang='grc' dir='ltr'>λ.</span> 
     </span>
     <span class='ocr_line' id='line_1_3' title="bbox 370 480 1990 565; baseline -0.004 -12"><span class='ocrx_word' id='word_1_11' title='bbox 370 516 462 565; x_wconf 62' lang='lat' dir='ltr'>Qua</span> <span class='ocrx_word' id='word_1_12' title='bbox 506 511 671 552; x_wconf 77' lang='lat' dir='ltr'>1·1tione</span> <span class='ocrx_word' id='word_1_13' title='bbox 711 511 863 550; x_wconf 81' lang='lat' dir='ltr'>ductus</span> <span class='ocrx_word' id='word_1_14' title='bbox 897 510 1000 549; x_wconf 84' lang='lat' dir='ltr'>Zutt</span> <span class='ocrx_word' id='word_1_15' title='bbox 1033 520 1084 549; x_wconf 84' lang='lat' dir='ltr'>ex</span> <span class='ocrx_word' id='word_1_16' title='bbox 1119 507 1184 548; x_wconf 87' lang='lat' dir='ltr'>his</span> <span class='ocrx_word' id='word_1_17' title='bbox 1217 506 1362 548; x_wconf 90' lang='lat' dir='ltr'>verbis</span> <span class='ocrx_word' id='word_1_18' title='bbox 1394 480 1470 547; x_wconf 80' lang='lat' dir='ltr'>illa</span> <span class='ocrx_word' id='word_1_19' title='bbox 1502 506 1688 559; x_wconf 85' lang='lat' dir='ltr'>Lysiaca</span> <span class='ocrx_word' id='word_1_20' title='bbox 1721 519 1746 548; x_wconf 85' lang='lat' dir='ltr'>a</span> <span class='ocrx_word' id='word_1_21' title='bbox 1779 505 1990 558; x_wconf 88' lang='lat' dir='ltr'>Cephisio,</span> 
     </span>
     <span class='ocr_line' id='line_1_4' title="bbox 369 564 1990 619; baseline -0.004 -7"><span class='ocrx_word' id='word_1_22' title='bbox 369 584 449 612; x_wconf 75' lang='grc'><strong>111111</strong></span> <span class='ocrx_word' id='word_1_23' title='bbox 495 584 518 610; x_wconf 89' lang='grc'>1</span> <span class='ocrx_word' id='word_1_24' title='bbox 561 569 718 611; x_wconf 83' lang='lat' dir='ltr'>Melete</span> <span class='ocrx_word' id='word_1_25' title='bbox 765 568 832 608; x_wconf 83' lang='lat' dir='ltr'>vel</span> <span class='ocrx_word' id='word_1_26' title='bbox 875 567 1092 619; x_wconf 84' lang='lat' dir='ltr'>Epichaie</span> <span class='ocrx_word' id='word_1_27' title='bbox 1135 565 1319 618; x_wconf 83' lang='lat' dir='ltr'>proferri</span> <span class='ocrx_word' id='word_1_28' title='bbox 1362 564 1552 617; x_wconf 89' lang='lat' dir='ltr'>potuisse</span> <span class='ocrx_word' id='word_1_29' title='bbox 1595 565 1864 617; x_wconf 77' lang='lat' dir='ltr'>concluserit,</span> <span class='ocrx_word' id='word_1_30' title='bbox 1907 576 1990 606; x_wconf 90' lang='lat' dir='ltr'>non</span> 
     </span>
     <span class='ocr_line' id='line_1_5' title="bbox 368 629 589 682; baseline 0.01 -15"><span class='ocrx_word' id='word_1_31' title='bbox 368 629 589 682; x_wconf 69' lang='lat' dir='ltr'>ptispicio.</span> 
     </span>
    </p>
   </div>
   <div class='ocr_carea' id='block_1_3' title="bbox 441 811 1919 879">
    <p class='ocr_par' dir='ltr' id='par_1_3' title="bbox 441 811 1919 879">
     <span class='ocr_line' id='line_1_6' title="bbox 441 811 1919 879; baseline -0.003 -11"><span class='ocrx_word' id='word_1_32' title='bbox 441 815 501 868; x_wconf 86' lang='grc' dir='ltr'>ΙΙ.</span> <span class='ocrx_word' id='word_1_33' title='bbox 542 815 672 876; x_wconf 86' lang='lat' dir='ltr'>Quo</span> <span class='ocrx_word' id='word_1_34' title='bbox 712 816 982 879; x_wconf 86' lang='lat' dir='ltr'>tempore</span> <span class='ocrx_word' id='word_1_35' title='bbox 1022 813 1170 865; x_wconf 87' lang='lat' dir='ltr'>haec</span> <span class='ocrx_word' id='word_1_36' title='bbox 1210 812 1405 865; x_wconf 84' lang='lat' dir='ltr'>oratio</span> <span class='ocrx_word' id='word_1_37' title='bbox 1446 811 1524 864; x_wconf 89' lang='lat' dir='ltr'>sit</span> <span class='ocrx_word' id='word_1_38' title='bbox 1563 811 1919 878; x_wconf 85' lang='lat' dir='ltr'>conscripta.</span> 
     </span>
    </p>
   </div>
   <div class='ocr_carea' id='block_1_4' title="bbox 366 916 1997 3035">
    <p class='ocr_par' dir='ltr' id='par_1_4' title="bbox 368 916 1993 1316">
     <span class='ocr_line' id='line_1_7' title="bbox 487 916 1992 973; baseline -0.003 -10"><span class='ocrx_word' id='word_1_39' title='bbox 487 923 621 963; x_wconf 77' lang='lat' dir='ltr'>Recte</span> <span class='ocrx_word' id='word_1_40' title='bbox 668 920 802 973; x_wconf 76' lang='lat' dir='ltr'>igitur</span> <span class='ocrx_word' id='word_1_41' title='bbox 845 919 1059 961; x_wconf 84' lang='lat' dir='ltr'>Ruhnken</span> <span class='ocrx_word' id='word_1_42' title='bbox 1107 921 1151 959; x_wconf 88' lang='lat' dir='ltr'>et</span> <span class='ocrx_word' id='word_1_43' title='bbox 1193 917 1355 960; x_wconf 81' lang='lat' dir='ltr'>Sluiter</span> <span class='ocrx_word' id='word_1_44' title='bbox 1397 922 1440 959; x_wconf 92' lang='lat' dir='ltr'>et</span> <span class='ocrx_word' id='word_1_45' title='bbox 1483 916 1555 968; x_wconf 91' lang='lat' dir='ltr'>qui</span> <span class='ocrx_word' id='word_1_46' title='bbox 1599 929 1671 958; x_wconf 91' lang='lat' dir='ltr'>eos</span> <span class='ocrx_word' id='word_1_47' title='bbox 1713 917 1850 959; x_wconf 91' lang='lat' dir='ltr'>secuti</span> <span class='ocrx_word' id='word_1_48' title='bbox 1891 921 1992 959; x_wconf 85' lang='lat' dir='ltr'>sunt</span> 
     </span>
     <span class='ocr_line' id='line_1_8' title="bbox 368 975 1992 1030; baseline -0.003 -8"><span class='ocrx_word' id='word_1_49' title='bbox 368 981 603 1023; x_wconf 85' lang='lat' dir='ltr'>orationem</span> <span class='ocrx_word' id='word_1_50' title='bbox 646 980 718 1020; x_wconf 87' lang='lat' dir='ltr'>VI.</span> <span class='ocrx_word' id='word_1_51' title='bbox 761 992 786 1020; x_wconf 89' lang='lat' dir='ltr'>a</span> <span class='ocrx_word' id='word_1_52' title='bbox 827 978 962 1030; x_wconf 76' lang='lat' dir='ltr'>Lysia</span> <span class='ocrx_word' id='word_1_53' title='bbox 1005 977 1333 1018; x_wconf 86' lang='lat' dir='ltr'>abiudicandam</span> <span class='ocrx_word' id='word_1_54' title='bbox 1376 988 1469 1017; x_wconf 87' lang='lat' dir='ltr'>esse</span> <span class='ocrx_word' id='word_1_55' title='bbox 1518 978 1786 1017; x_wconf 89' lang='lat' dir='ltr'>censuerunt.</span> <span class='ocrx_word' id='word_1_56' title='bbox 1869 975 1992 1029; x_wconf 80' lang='lat' dir='ltr'>Quod</span> 
     </span>
     <span class='ocr_line' id='line_1_9' title="bbox 369 1034 1992 1087; baseline -0.004 -6"><span class='ocrx_word' id='word_1_57' title='bbox 369 1045 512 1082; x_wconf 78' lang='lat' dir='ltr'>autem</span> <span class='ocrx_word' id='word_1_58' title='bbox 544 1039 653 1080; x_wconf 90' lang='lat' dir='ltr'>idem</span> <span class='ocrx_word' id='word_1_59' title='bbox 687 1037 770 1079; x_wconf 87' lang='lat' dir='ltr'>viri</span> <span class='ocrx_word' id='word_1_60' title='bbox 804 1037 918 1078; x_wconf 89' lang='lat' dir='ltr'>docti</span> <span class='ocrx_word' id='word_1_61' title='bbox 950 1036 1110 1078; x_wconf 88' lang='lat' dir='ltr'>Batavi</span> <span class='ocrx_word' id='word_1_62' title='bbox 1145 1048 1237 1077; x_wconf 87' lang='lat' dir='ltr'>eam</span> <span class='ocrx_word' id='word_1_63' title='bbox 1259 1047 1398 1087; x_wconf 87' lang='lat' dir='ltr'>neque</span> <span class='ocrx_word' id='word_1_64' title='bbox 1420 1035 1463 1076; x_wconf 91' lang='lat' dir='ltr'>in</span> <span class='ocrx_word' id='word_1_65' title='bbox 1486 1034 1643 1076; x_wconf 89' lang='lat' dir='ltr'>iudicio</span> <span class='ocrx_word' id='word_1_66' title='bbox 1666 1038 1833 1076; x_wconf 86' lang='lat' dir='ltr'>oratam</span> <span class='ocrx_word' id='word_1_67' title='bbox 1854 1047 1992 1086; x_wconf 88' lang='lat' dir='ltr'>neque</span> 
     </span>
     <span class='ocr_line' id='line_1_10' title="bbox 370 1093 1992 1151; baseline -0.004 -10"><span class='ocrx_word' id='word_1_68' title='bbox 370 1100 435 1151; x_wconf 62' lang='lat' dir='ltr'>L&gt;</span> <span class='ocrx_word' id='word_1_69' title='bbox 440 1098 529 1139; x_wconf 79' lang='lat' dir='ltr'>siae</span> <span class='ocrx_word' id='word_1_70' title='bbox 562 1100 708 1139; x_wconf 87' lang='lat' dir='ltr'>aetate</span> <span class='ocrx_word' id='word_1_71' title='bbox 740 1099 879 1137; x_wconf 73' lang='lat' dir='ltr'>ortam</span> <span class='ocrx_word' id='word_1_72' title='bbox 912 1108 1017 1147; x_wconf 88' lang='lat' dir='ltr'>esse,</span> <span class='ocrx_word' id='word_1_73' title='bbox 1049 1095 1124 1136; x_wconf 89' lang='lat' dir='ltr'>sed</span> <span class='ocrx_word' id='word_1_74' title='bbox 1147 1094 1355 1149; x_wconf 77' lang='lat' dir='ltr'>originem</span> <span class='ocrx_word' id='word_1_75' title='bbox 1378 1093 1566 1135; x_wconf 83' lang='lat' dir='ltr'>traxisse</span> <span class='ocrx_word' id='word_1_76' title='bbox 1588 1106 1614 1135; x_wconf 91' lang='lat' dir='ltr'>a</span> <span class='ocrx_word' id='word_1_77' title='bbox 1635 1093 1809 1135; x_wconf 79' lang='lat' dir='ltr'>rhetore</span> <span class='ocrx_word' id='word_1_78' title='bbox 1832 1093 1992 1135; x_wconf 89' lang='lat' dir='ltr'>aetatis</span> 
     </span>
     <span class='ocr_line' id='line_1_11' title="bbox 368 1128 1993 1210; baseline -0.001 -15"><span class='ocrx_word' id='word_1_79' title='bbox 368 1156 630 1210; x_wconf 78' lang='lat' dir='ltr'>poste1i01is,</span> <span class='ocrx_word' id='word_1_80' title='bbox 663 1168 786 1207; x_wconf 91' lang='lat' dir='ltr'>quem</span> <span class='ocrx_word' id='word_1_81' title='bbox 809 1154 971 1197; x_wconf 87' lang='lat' dir='ltr'>Sluiter</span> <span class='ocrx_word' id='word_1_82' title='bbox 988 1128 1198 1195; x_wconf 80' lang='lat' dir='ltr'>Demetrii</span> <span class='ocrx_word' id='word_1_83' title='bbox 1216 1153 1418 1195; x_wconf 85' lang='lat' dir='ltr'>Phalerei</span> <span class='ocrx_word' id='word_1_84' title='bbox 1441 1152 1716 1205; x_wconf 82' lang='lat' dir='ltr'>temporibus,</span> <span class='ocrx_word' id='word_1_85' title='bbox 1734 1152 1802 1194; x_wconf 91' lang='lat' dir='ltr'>W.</span> <span class='ocrx_word' id='word_1_86' title='bbox 1820 1151 1993 1194; x_wconf 88' lang='lat' dir='ltr'>Schmid</span> 
     </span>
     <span class='ocr_line' id='line_1_12' title="bbox 370 1211 1993 1268; baseline -0.002 -13"><span class='ocrx_word' id='word_1_87' title='bbox 370 1216 496 1268; x_wconf 84' lang='lat' dir='ltr'>paulo</span> <span class='ocrx_word' id='word_1_88' title='bbox 540 1218 641 1256; x_wconf 91' lang='lat' dir='ltr'>ante</span> <span class='ocrx_word' id='word_1_89' title='bbox 680 1213 1066 1266; x_wconf 79' lang='lat' dir='ltr'>Harpociationem</span> <span class='ocrx_word' id='word_1_90' title='bbox 1108 1212 1270 1254; x_wconf 85' lang='lat' dir='ltr'>vixisse</span> <span class='ocrx_word' id='word_1_91' title='bbox 1312 1211 1557 1264; x_wconf 88' lang='lat' dir='ltr'>suspicatus</span> <span class='ocrx_word' id='word_1_92' title='bbox 1600 1214 1677 1264; x_wconf 88' lang='lat' dir='ltr'>est,</span> <span class='ocrx_word' id='word_1_93' title='bbox 1719 1211 1764 1253; x_wconf 90' lang='lat' dir='ltr'>in</span> <span class='ocrx_word' id='word_1_94' title='bbox 1806 1223 1993 1253; x_wconf 87' lang='lat' dir='ltr'>errorem</span> 
     </span>
     <span class='ocr_line' id='line_1_13' title="bbox 370 1274 815 1316; baseline -0.007 0"><span class='ocrx_word' id='word_1_95' title='bbox 370 1275 569 1316; x_wconf 75' lang='lat' dir='ltr'>incidisse</span> <span class='ocrx_word' id='word_1_96' title='bbox 601 1274 815 1315; x_wconf 90' lang='lat' dir='ltr'>videntur.</span> 
     </span>
    </p>

    <p class='ocr_par' dir='ltr' id='par_1_5' title="bbox 370 1328 1991 1500">
     <span class='ocr_line' id='line_1_14' title="bbox 485 1328 1991 1385; baseline -0.003 -10"><span class='ocrx_word' id='word_1_97' title='bbox 485 1334 630 1384; x_wconf 81' lang='lat' dir='ltr'>Atque</span> <span class='ocrx_word' id='word_1_98' title='bbox 657 1331 913 1385; x_wconf 83' lang='lat' dir='ltr'>gravissimo</span> <span class='ocrx_word' id='word_1_99' title='bbox 937 1333 1189 1383; x_wconf 84' lang='lat' dir='ltr'>argumento</span> <span class='ocrx_word' id='word_1_100' title='bbox 1213 1330 1286 1371; x_wconf 89' lang='lat' dir='ltr'>illo</span> <span class='ocrx_word' id='word_1_101' title='bbox 1309 1332 1491 1371; x_wconf 87' lang='lat' dir='ltr'>utuntur</span> <span class='ocrx_word' id='word_1_102' title='bbox 1512 1329 1728 1371; x_wconf 86' lang='lat' dir='ltr'>Ruhnken</span> <span class='ocrx_word' id='word_1_103' title='bbox 1751 1331 1795 1371; x_wconf 91' lang='lat' dir='ltr'>et</span> <span class='ocrx_word' id='word_1_104' title='bbox 1817 1328 1991 1381; x_wconf 88' lang='lat' dir='ltr'>Sluiter,</span> 
     </span>
     <span class='ocr_line' id='line_1_15' title="bbox 370 1387 1991 1444; baseline -0.003 -10"><span class='ocrx_word' id='word_1_105' title='bbox 370 1393 482 1444; x_wconf 83' lang='lat' dir='ltr'>quod</span> <span class='ocrx_word' id='word_1_106' title='bbox 514 1395 664 1433; x_wconf 77' lang='lat' dir='ltr'>auctor</span> <span class='ocrx_word' id='word_1_107' title='bbox 696 1390 866 1442; x_wconf 80' lang='lat' dir='ltr'>saepius</span> <span class='ocrx_word' id='word_1_108' title='bbox 889 1403 966 1442; x_wconf 90' lang='lat' dir='ltr'>per</span> <span class='ocrx_word' id='word_1_109' title='bbox 987 1389 1277 1442; x_wconf 86' lang='lat' dir='ltr'>ignorantiam</span> <span class='ocrx_word' id='word_1_110' title='bbox 1300 1388 1514 1430; x_wconf 85' lang='lat' dir='ltr'>erraverit</span> <span class='ocrx_word' id='word_1_111' title='bbox 1537 1392 1581 1430; x_wconf 90' lang='lat' dir='ltr'>et</span> <span class='ocrx_word' id='word_1_112' title='bbox 1603 1387 1684 1429; x_wconf 91' lang='lat' dir='ltr'>sibi</span> <span class='ocrx_word' id='word_1_113' title='bbox 1707 1387 1800 1441; x_wconf 93' lang='lat' dir='ltr'>ipse</span> <span class='ocrx_word' id='word_1_114' title='bbox 1823 1391 1991 1430; x_wconf 86' lang='lat' dir='ltr'>contra-</span> 
     </span>
     <span class='ocr_line' id='line_1_16' title="bbox 370 1447 1662 1503; baseline -0.004 -10"><span class='ocrx_word' id='word_1_115' title='bbox 370 1451 541 1503; x_wconf 79' lang='lat' dir='ltr'>dixerit,</span> <span class='ocrx_word' id='word_1_116' title='bbox 575 1450 694 1492; x_wconf 87' lang='lat' dir='ltr'>cnius</span> <span class='ocrx_word' id='word_1_117' title='bbox 726 1450 788 1490; x_wconf 89' lang='lat' dir='ltr'>rei</span> <span class='ocrx_word' id='word_1_118' title='bbox 822 1449 984 1491; x_wconf 85' lang='lat' dir='ltr'>Sluiter</span> <span class='ocrx_word' id='word_1_119' title='bbox 1015 1449 1041 1490; x_wconf 91' lang='grc'>1.</span> <span class='ocrx_word' id='word_1_120' title='bbox 1066 1461 1098 1490; x_wconf 87' lang='lat' dir='ltr'>c.</span> <span class='ocrx_word' id='word_1_121' title='bbox 1130 1448 1238 1489; x_wconf 86' lang='lat' dir='ltr'>haec</span> <span class='ocrx_word' id='word_1_122' title='bbox 1271 1447 1423 1489; x_wconf 88' lang='lat' dir='ltr'>attulit</span> <span class='ocrx_word' id='word_1_123' title='bbox 1455 1447 1662 1500; x_wconf 82' lang='lat' dir='ltr'>exempla.</span> 
     </span>
    </p>

    <p class='ocr_par' dir='ltr' id='par_1_6' title="bbox 366 1506 1997 3035">
     <span class='ocr_line' id='line_1_17' title="bbox 485 1506 1991 1563; baseline -0.003 -13"><span class='ocrx_word' id='word_1_124' title='bbox 485 1511 535 1551; x_wconf 87' lang='lat' dir='ltr'>In</span> <span class='ocrx_word' id='word_1_125' title='bbox 567 1510 590 1563; x_wconf 68' lang='grc' dir='ltr'>ξ</span> <span class='ocrx_word' id='word_1_126' title='bbox 615 1510 665 1549; x_wconf 87' lang='grc'>11</span> <span class='ocrx_word' id='word_1_127' title='bbox 701 1509 907 1561; x_wconf 74' lang='lat' dir='ltr'>smiptum</span> <span class='ocrx_word' id='word_1_128' title='bbox 939 1507 1200 1549; x_wconf 86' lang='lat' dir='ltr'>invenimus:</span> <span class='ocrx_word' id='word_1_129' title='bbox 1233 1507 1476 1560; x_wconf 76' lang='grc' dir='ltr'><em>Ἀνδοκίδης</em></span> <span class='ocrx_word' id='word_1_130' title='bbox 1509 1506 1553 1547; x_wconf 85' lang='grc' dir='ltr'>δὲ</span> <span class='ocrx_word' id='word_1_131' title='bbox 1584 1510 1782 1547; x_wconf 82' lang='grc' dir='ltr'>τοσοῦτον</span> <span class='ocrx_word' id='word_1_132' title='bbox 1815 1521 1991 1546; x_wconf 83' lang='grc' dir='ltr'><em>καταπε·</em></span> 
     </span>
     <span class='ocr_line' id='line_1_18' title="bbox 366 1565 1994 1623; baseline -0.003 -13"><span class='ocrx_word' id='word_1_133' title='bbox 366 1586 478 1623; x_wconf 72' lang='lat' dir='ltr'>&lt;pom</span> <span class='ocrx_word' id='word_1_134' title='bbox 485 1585 557 1622; x_wconf 67' lang='lat'>&gt;1⁷⁸</span> <span class='ocrx_word' id='word_1_135' title='bbox 588 1573 672 1609; x_wconf 69' lang='grc' dir='ltr'>τῶι</span> <span class='ocrx_word' id='word_1_136' title='bbox 703 1569 820 1608; x_wconf 74' lang='grc' dir='ltr'><em>θεῶν</em></span> <span class='ocrx_word' id='word_1_137' title='bbox 844 1600 851 1607; x_wconf 87' lang='grc'><strong>.</strong></span> <span class='ocrx_word' id='word_1_138' title='bbox 874 1601 882 1608; x_wconf 94' lang='grc'><em>.</em></span> <span class='ocrx_word' id='word_1_139' title='bbox 906 1568 1072 1608; x_wconf 82' lang='grc' dir='ltr'><em>.ὥστε.</em></span> <span class='ocrx_word' id='word_1_140' title='bbox 1128 1566 1494 1618; x_wconf 78' lang='grc' dir='ltr'>,προσεκαλέσατο</span> <span class='ocrx_word' id='word_1_141' title='bbox 1527 1565 1647 1619; x_wconf 84' lang='grc' dir='ltr'><em>δίκην</em></span> <span class='ocrx_word' id='word_1_142' title='bbox 1675 1565 1864 1618; x_wconf 86' lang='grc' dir='ltr'><em>ἀσεβείας</em></span> <span class='ocrx_word' id='word_1_143' title='bbox 1884 1565 1994 1618; x_wconf 82' lang='grc' dir='ltr'><em>πρὸς</em></span> 
     </span>
     <span class='ocr_line' id='line_1_19' title="bbox 367 1621 1994 1699; baseline -0.002 -31"><span class='ocrx_word' id='word_1_144' title='bbox 367 1645 438 1669; x_wconf 80' lang='grc' dir='ltr'>τον</span> <span class='ocrx_word' id='word_1_145' title='bbox 478 1628 660 1699; x_wconf 80' lang='grc' dir='ltr'><em>βασιλέα,</em></span> <span class='ocrx_word' id='word_1_146' title='bbox 702 1643 772 1667; x_wconf 80' lang='grc' dir='ltr'>και</span> <span class='ocrx_word' id='word_1_147' title='bbox 814 1627 960 1679; x_wconf 80' lang='grc' dir='ltr'><em>ἔλαχεν</em></span> <span class='ocrx_word' id='word_1_148' title='bbox 1001 1626 1243 1679; x_wconf 77' lang='grc' dir='ltr'><em>Ἀνδοκίδης</em></span> <span class='ocrx_word' id='word_1_149' title='bbox 1275 1621 1386 1681; x_wconf 82' lang='grc' dir='ltr'><em>&lt;ὢν&gt;</em></span> <span class='ocrx_word' id='word_1_150' title='bbox 1417 1640 1488 1665; x_wconf 83' lang='grc' dir='ltr'>και</span> <span class='ocrx_word' id='word_1_151' title='bbox 1528 1624 1774 1678; x_wconf 80' lang='grc' dir='ltr'><em>πεποιηκὼς</em></span> <span class='ocrx_word' id='word_1_152' title='bbox 1812 1625 1837 1664; x_wconf 82' lang='grc' dir='ltr'><em>ἃ</em></span> <span class='ocrx_word' id='word_1_153' title='bbox 1871 1622 1994 1668; x_wconf 84' lang='grc' dir='ltr'><em>οὗτος</em></span> 
     </span>
     <span class='ocr_line' id='line_1_20' title="bbox 367 1682 1993 1740; baseline -0.002 -12.996"><span class='ocrx_word' id='word_1_154' title='bbox 367 1689 567 1740; x_wconf 66' lang='grc' dir='ltr'><em>ἰεποίηκε</em></span> <span class='ocrx_word' id='word_1_155' title='bbox 587 1687 681 1738; x_wconf 79' lang='grc' dir='ltr'><em>περὶ</em></span> <span class='ocrx_word' id='word_1_156' title='bbox 702 1702 798 1731; x_wconf 77' lang='grc' dir='ltr'><em>τους</em></span> <span class='ocrx_word' id='word_1_157' title='bbox 820 1685 948 1730; x_wconf 71' lang='grc' dir='ltr'><em>θεους</em></span> <span class='ocrx_word' id='word_1_158' title='bbox 970 1685 1070 1725; x_wconf 82' lang='grc' dir='ltr'><em>καὶ.</em></span> <span class='ocrx_word' id='word_1_159' title='bbox 1093 1718 1102 1726; x_wconf 89' lang='grc'><strong>.</strong></span> <span class='ocrx_word' id='word_1_160' title='bbox 1125 1685 1339 1737; x_wconf 78' lang='grc' dir='ltr'>.φάσκων</span> <span class='ocrx_word' id='word_1_161' title='bbox 1360 1683 1430 1724; x_wconf 85' lang='grc' dir='ltr'>τὸν</span> <span class='ocrx_word' id='word_1_162' title='bbox 1445 1683 1678 1736; x_wconf 72' lang='grc' dir='ltr'><em>Ἄρχιππον</em></span> <span class='ocrx_word' id='word_1_163' title='bbox 1713 1682 1789 1734; x_wconf 79' lang='lat' dir='ltr'>(Sic</span> <span class='ocrx_word' id='word_1_164' title='bbox 1810 1683 1993 1729; x_wconf 81' lang='lat' dir='ltr'>Palmer</span> 
     </span>
     <span class='ocr_line' id='line_1_21' title="bbox 368 1741 1994 1798; baseline -0.002 -11.993"><span class='ocrx_word' id='word_1_165' title='bbox 368 1747 627 1798; x_wconf 68' lang='grc' dir='ltr'><em>Ἀρίστιππον</em></span> <span class='ocrx_word' id='word_1_166' title='bbox 659 1745 723 1797; x_wconf 88' lang='grc' dir='ltr'>Χ)</span> <span class='ocrx_word' id='word_1_167' title='bbox 757 1745 919 1798; x_wconf 78' lang='grc' dir='ltr'><em>ἀσεβεῖν</em></span> <span class='ocrx_word' id='word_1_168' title='bbox 950 1744 1044 1796; x_wconf 79' lang='grc' dir='ltr'><em>περὶ</em></span> <span class='ocrx_word' id='word_1_169' title='bbox 1075 1743 1146 1784; x_wconf 85' lang='grc' dir='ltr'>τὸν</span> <span class='ocrx_word' id='word_1_170' title='bbox 1178 1743 1336 1796; x_wconf 84' lang='grc' dir='ltr'><em>Ερμῆν</em></span> <span class='ocrx_word' id='word_1_171' title='bbox 1366 1742 1438 1783; x_wconf 83' lang='grc' dir='ltr'>τὸν</span> <span class='ocrx_word' id='word_1_172' title='bbox 1470 1743 1598 1783; x_wconf 66' lang='grc' dir='ltr'>αι’ντοῦ</span> <span class='ocrx_word' id='word_1_173' title='bbox 1630 1746 1842 1795; x_wconf 79' lang='grc' dir='ltr'>πατρῷον.</span> <span class='ocrx_word' id='word_1_174' title='bbox 1899 1741 1994 1794; x_wconf 78' lang='lat' dir='ltr'>Qua</span> 
     </span>
     <span class='ocr_line' id='line_1_22' title="bbox 369 1800 1994 1846; baseline -0.002 0"><span class='ocrx_word' id='word_1_175' title='bbox 369 1806 412 1846; x_wconf 91' lang='grc'>111</span> <span class='ocrx_word' id='word_1_176' title='bbox 445 1804 740 1846; x_wconf 87' lang='lat' dir='ltr'>enuntiatione</span> <span class='ocrx_word' id='word_1_177' title='bbox 773 1803 879 1844; x_wconf 90' lang='lat' dir='ltr'>illud</span> <span class='ocrx_word' id='word_1_178' title='bbox 912 1803 1039 1843; x_wconf 78' lang='grc' dir='ltr'>αὑτοῦ</span> <span class='ocrx_word' id='word_1_179' title='bbox 1073 1803 1128 1844; x_wconf 88' lang='lat' dir='ltr'>ad</span> <span class='ocrx_word' id='word_1_180' title='bbox 1159 1802 1424 1843; x_wconf 88' lang='lat' dir='ltr'>Andocidem</span> <span class='ocrx_word' id='word_1_181' title='bbox 1446 1801 1581 1843; x_wconf 89' lang='lat' dir='ltr'>solum</span> <span class='ocrx_word' id='word_1_182' title='bbox 1604 1800 1877 1843; x_wconf 82' lang='lat' dir='ltr'>referendum</span> <span class='ocrx_word' id='word_1_183' title='bbox 1901 1812 1994 1842; x_wconf 87' lang='lat' dir='ltr'>esse</span> 
     </span>
     <span class='ocr_line' id='line_1_23' title="bbox 368 1859 1994 1915; baseline -0.003 -10"><span class='ocrx_word' id='word_1_184' title='bbox 368 1867 490 1905; x_wconf 81' lang='lat' dir='ltr'>ratus</span> <span class='ocrx_word' id='word_1_185' title='bbox 531 1864 595 1905; x_wconf 87' lang='lat' dir='ltr'>ita</span> <span class='ocrx_word' id='word_1_186' title='bbox 636 1863 728 1905; x_wconf 79' lang='lat' dir='ltr'>fere</span> <span class='ocrx_word' id='word_1_187' title='bbox 771 1865 1098 1915; x_wconf 82' lang='lat' dir='ltr'>argumentatus</span> <span class='ocrx_word' id='word_1_188' title='bbox 1141 1864 1208 1904; x_wconf 90' lang='lat' dir='ltr'>est</span> <span class='ocrx_word' id='word_1_189' title='bbox 1240 1861 1403 1903; x_wconf 85' lang='lat' dir='ltr'>Sluiter</span> <span class='ocrx_word' id='word_1_190' title='bbox 1444 1873 1482 1912; x_wconf 89' lang='lat' dir='ltr'>p.</span> <span class='ocrx_word' id='word_1_191' title='bbox 1508 1860 1613 1901; x_wconf 82' lang='lat'>170:</span> <span class='ocrx_word' id='word_1_192' title='bbox 1663 1860 1878 1912; x_wconf 85' lang='lat' dir='ltr'>Hermam,</span> <span class='ocrx_word' id='word_1_193' title='bbox 1921 1859 1994 1911; x_wconf 90' lang='lat' dir='ltr'>qui</span> 
     </span>
     <span class='ocr_line' id='line_1_24' title="bbox 368 1918 1990 1975; baseline -0.001 -14"><span class='ocrx_word' id='word_1_194' title='bbox 368 1935 499 1975; x_wconf 85' lang='lat' dir='ltr'>prope</span> <span class='ocrx_word' id='word_1_195' title='bbox 541 1922 774 1963; x_wconf 89' lang='lat' dir='ltr'>Andocidis</span> <span class='ocrx_word' id='word_1_196' title='bbox 816 1922 988 1962; x_wconf 85' lang='lat' dir='ltr'>ianuam</span> <span class='ocrx_word' id='word_1_197' title='bbox 1031 1924 1136 1970; x_wconf 88' lang='lat' dir='ltr'>erat,</span> <span class='ocrx_word' id='word_1_198' title='bbox 1184 1922 1356 1961; x_wconf 86' lang='lat' dir='ltr'>constat</span> <span class='ocrx_word' id='word_1_199' title='bbox 1402 1919 1535 1961; x_wconf 85' lang='lat' dir='ltr'>fuisse</span> <span class='ocrx_word' id='word_1_200' title='bbox 1583 1918 1806 1960; x_wconf 88' lang='lat' dir='ltr'>donarium</span> <span class='ocrx_word' id='word_1_201' title='bbox 1850 1918 1990 1960; x_wconf 89' lang='lat' dir='ltr'>tribus</span> 
     </span>
     <span class='ocr_line' id='line_1_25' title="bbox 369 1977 1992 2035; baseline -0.003 -12"><span class='ocrx_word' id='word_1_202' title='bbox 369 1982 583 2035; x_wconf 84' lang='lat' dir='ltr'>Aegeidos</span> <span class='ocrx_word' id='word_1_203' title='bbox 617 1982 738 2032; x_wconf 91' lang='lat' dir='ltr'>(And.</span> <span class='ocrx_word' id='word_1_204' title='bbox 770 1982 791 2022; x_wconf 90' lang='lat' dir='ltr'>I</span> <span class='ocrx_word' id='word_1_205' title='bbox 814 1980 881 2027; x_wconf 83' lang='grc'>62,</span> <span class='ocrx_word' id='word_1_206' title='bbox 914 1980 1152 2022; x_wconf 90' lang='lat' dir='ltr'>Aeschin.I</span> <span class='ocrx_word' id='word_1_207' title='bbox 1178 1979 1272 2031; x_wconf 82' lang='lat'>125,</span> <span class='ocrx_word' id='word_1_208' title='bbox 1305 1980 1374 2020; x_wconf 91' lang='lat' dir='ltr'>Ps.</span> <span class='ocrx_word' id='word_1_209' title='bbox 1406 1978 1520 2020; x_wconf 90' lang='lat' dir='ltr'>Plut.</span> <span class='ocrx_word' id='word_1_210' title='bbox 1553 1979 1596 2020; x_wconf 89' lang='lat' dir='ltr'>X</span> <span class='ocrx_word' id='word_1_211' title='bbox 1628 1990 1686 2020; x_wconf 90' lang='lat' dir='ltr'>or.</span> <span class='ocrx_word' id='word_1_212' title='bbox 1720 1978 1796 2019; x_wconf 85' lang='lat' dir='ltr'>vit.</span> <span class='ocrx_word' id='word_1_213' title='bbox 1829 1977 1914 2019; x_wconf 84' lang='lat'>835</span> <span class='ocrx_word' id='word_1_214' title='bbox 1931 1977 1992 2027; x_wconf 82' lang='lat' dir='ltr'>B).</span> 
     </span>
     <span class='ocr_line' id='line_1_26' title="bbox 370 2036 1993 2089; baseline -0.003 -7"><span class='ocrx_word' id='word_1_215' title='bbox 370 2042 490 2082; x_wconf 88' lang='lat' dir='ltr'>Haec</span> <span class='ocrx_word' id='word_1_216' title='bbox 521 2044 668 2082; x_wconf 89' lang='lat' dir='ltr'>statua</span> <span class='ocrx_word' id='word_1_217' title='bbox 701 2052 809 2081; x_wconf 89' lang='lat' dir='ltr'>anno</span> <span class='ocrx_word' id='word_1_218' title='bbox 843 2038 927 2080; x_wconf 82' lang='lat'>415</span> <span class='ocrx_word' id='word_1_219' title='bbox 960 2039 1118 2080; x_wconf 82' lang='lat' dir='ltr'>famam</span> <span class='ocrx_word' id='word_1_220' title='bbox 1152 2038 1534 2089; x_wconf 86' lang='lat' dir='ltr'>celebritatemque</span> <span class='ocrx_word' id='word_1_221' title='bbox 1567 2037 1779 2089; x_wconf 85' lang='lat' dir='ltr'>quandam</span> <span class='ocrx_word' id='word_1_222' title='bbox 1811 2036 1993 2078; x_wconf 84' lang='lat' dir='ltr'>nominis</span> 
     </span>
     <span class='ocr_line' id='line_1_27' title="bbox 370 2095 1993 2151; baseline -0.003 -10"><span class='ocrx_word' id='word_1_223' title='bbox 370 2100 468 2141; x_wconf 89' lang='lat' dir='ltr'>inde</span> <span class='ocrx_word' id='word_1_224' title='bbox 511 2103 605 2141; x_wconf 87' lang='lat' dir='ltr'>erat</span> <span class='ocrx_word' id='word_1_225' title='bbox 648 2101 888 2151; x_wconf 88' lang='lat' dir='ltr'>consecuta,</span> <span class='ocrx_word' id='word_1_226' title='bbox 933 2099 1044 2150; x_wconf 87' lang='lat' dir='ltr'>quod</span> <span class='ocrx_word' id='word_1_227' title='bbox 1087 2097 1244 2139; x_wconf 90' lang='lat' dir='ltr'>ceteris</span> <span class='ocrx_word' id='word_1_228' title='bbox 1287 2096 1460 2138; x_wconf 87' lang='lat' dir='ltr'>Hermis</span> <span class='ocrx_word' id='word_1_229' title='bbox 1502 2096 1715 2137; x_wconf 88' lang='lat' dir='ltr'>truncatis</span> <span class='ocrx_word' id='word_1_230' title='bbox 1764 2095 1856 2137; x_wconf 87' lang='lat' dir='ltr'>sola</span> <span class='ocrx_word' id='word_1_231' title='bbox 1902 2095 1993 2136; x_wconf 77' lang='lat' dir='ltr'>fere</span> 
     </span>
     <span class='ocr_line' id='line_1_28' title="bbox 370 2154 1992 2212; baseline -0.004 -12"><span class='ocrx_word' id='word_1_232' title='bbox 370 2159 542 2212; x_wconf 83' lang='lat' dir='ltr'>integra</span> <span class='ocrx_word' id='word_1_233' title='bbox 583 2160 812 2210; x_wconf 87' lang='lat' dir='ltr'>manserat,</span> <span class='ocrx_word' id='word_1_234' title='bbox 857 2160 988 2209; x_wconf 89' lang='lat' dir='ltr'>atque</span> <span class='ocrx_word' id='word_1_235' title='bbox 1030 2170 1082 2198; x_wconf 86' lang='lat' dir='ltr'>ex</span> <span class='ocrx_word' id='word_1_236' title='bbox 1124 2156 1198 2198; x_wconf 91' lang='lat' dir='ltr'>illo</span> <span class='ocrx_word' id='word_1_237' title='bbox 1231 2159 1423 2208; x_wconf 90' lang='lat' dir='ltr'>tempore</span> <span class='ocrx_word' id='word_1_238' title='bbox 1455 2155 1612 2209; x_wconf 81' lang='grc' dir='ltr'><em>Ἑρμῆς</em></span> <span class='ocrx_word' id='word_1_239' title='bbox 1643 2159 1716 2195; x_wconf 82' lang='grc' dir='ltr'>τοῦ</span> <span class='ocrx_word' id='word_1_240' title='bbox 1748 2154 1992 2195; x_wconf 78' lang='grc' dir='ltr'><em>Ἀνδοκίδου</em></span> 
     </span>
     <span class='ocr_line' id='line_1_29' title="bbox 371 2212 1993 2269; baseline -0.002 -11"><span class='ocrx_word' id='word_1_241' title='bbox 371 2218 582 2269; x_wconf 85' lang='lat' dir='ltr'>appellari</span> <span class='ocrx_word' id='word_1_242' title='bbox 614 2217 783 2259; x_wconf 79' lang='lat' dir='ltr'>solebat</span> <span class='ocrx_word' id='word_1_243' title='bbox 816 2216 1027 2267; x_wconf 88' lang='lat' dir='ltr'>(Aeschin.</span> <span class='ocrx_word' id='word_1_244' title='bbox 1050 2216 1071 2257; x_wconf 89' lang='grc' dir='ltr'><strong>Ι</strong></span> <span class='ocrx_word' id='word_1_245' title='bbox 1097 2215 1192 2268; x_wconf 82' lang='grc'><strong>125,</strong></span> <span class='ocrx_word' id='word_1_246' title='bbox 1224 2216 1293 2257; x_wconf 87' lang='lat' dir='ltr'>Ps.</span> <span class='ocrx_word' id='word_1_247' title='bbox 1315 2215 1429 2256; x_wconf 87' lang='lat' dir='ltr'>Plut.</span> <span class='ocrx_word' id='word_1_248' title='bbox 1452 2215 1494 2256; x_wconf 90' lang='lat' dir='ltr'>X</span> <span class='ocrx_word' id='word_1_249' title='bbox 1517 2226 1574 2255; x_wconf 87' lang='lat' dir='ltr'>or.</span> <span class='ocrx_word' id='word_1_250' title='bbox 1598 2214 1674 2255; x_wconf 83' lang='lat' dir='ltr'>vit.</span> <span class='ocrx_word' id='word_1_251' title='bbox 1697 2213 1782 2254; x_wconf 81' lang='lat'>835</span> <span class='ocrx_word' id='word_1_252' title='bbox 1795 2214 1857 2265; x_wconf 87' lang='lat' dir='ltr'>B).</span> <span class='ocrx_word' id='word_1_253' title='bbox 1911 2212 1993 2255; x_wconf 85' lang='lat' dir='ltr'>Sed</span> 
     </span>
     <span class='ocr_line' id='line_1_30' title="bbox 374 2272 1995 2328; baseline -0.002 -11"><span class='ocrx_word' id='word_1_254' title='bbox 374 2277 636 2328; x_wconf 56' lang='lat' dir='ltr'>temporibus</span> <span class='ocrx_word' id='word_1_255' title='bbox 660 2277 827 2317; x_wconf 89' lang='lat' dir='ltr'>demum</span> <span class='ocrx_word' id='word_1_256' title='bbox 850 2275 1172 2328; x_wconf 87' lang='lat' dir='ltr'>posterioribus,</span> <span class='ocrx_word' id='word_1_257' title='bbox 1196 2287 1288 2316; x_wconf 81' lang='lat' dir='ltr'>cuni</span> <span class='ocrx_word' id='word_1_258' title='bbox 1312 2273 1437 2315; x_wconf 88' lang='lat' dir='ltr'>huius</span> <span class='ocrx_word' id='word_1_259' title='bbox 1460 2272 1763 2325; x_wconf 87' lang='lat' dir='ltr'>appellationis</span> <span class='ocrx_word' id='word_1_260' title='bbox 1785 2272 1995 2313; x_wconf 88' lang='lat' dir='ltr'>rationem</span> 
     </span>
     <span class='ocr_line' id='line_1_31' title="bbox 372 2330 1995 2387; baseline -0.003 -11"><span class='ocrx_word' id='word_1_261' title='bbox 372 2348 455 2376; x_wconf 88' lang='lat' dir='ltr'>non</span> <span class='ocrx_word' id='word_1_262' title='bbox 500 2335 607 2377; x_wconf 72' lang='lat' dir='ltr'>satis</span> <span class='ocrx_word' id='word_1_263' title='bbox 645 2335 950 2387; x_wconf 79' lang='lat' dir='ltr'>perspicerent,</span> <span class='ocrx_word' id='word_1_264' title='bbox 994 2335 1195 2375; x_wconf 91' lang='lat' dir='ltr'>Hermam</span> <span class='ocrx_word' id='word_1_265' title='bbox 1234 2333 1354 2374; x_wconf 89' lang='lat' dir='ltr'>illum</span> <span class='ocrx_word' id='word_1_266' title='bbox 1386 2332 1598 2374; x_wconf 89' lang='lat' dir='ltr'>Andocidi</span> <span class='ocrx_word' id='word_1_267' title='bbox 1629 2335 1830 2384; x_wconf 76' lang='grc' dir='ltr'>πατρῷον</span> <span class='ocrx_word' id='word_1_268' title='bbox 1862 2330 1995 2372; x_wconf 80' lang='lat' dir='ltr'>fuisse</span> 
     </span>
     <span class='ocr_line' id='line_1_32' title="bbox 372 2389 1994 2443; baseline -0.002 -9"><span class='ocrx_word' id='word_1_269' title='bbox 372 2395 397 2436; x_wconf 84' lang='lat' dir='ltr'>i.</span> <span class='ocrx_word' id='word_1_270' title='bbox 422 2409 453 2435; x_wconf 67' lang='lat' dir='ltr'>v.</span> <span class='ocrx_word' id='word_1_271' title='bbox 488 2395 540 2435; x_wconf 85' lang='lat' dir='ltr'>ab</span> <span class='ocrx_word' id='word_1_272' title='bbox 574 2394 807 2435; x_wconf 79' lang='lat' dir='ltr'>Andocidis</span> <span class='ocrx_word' id='word_1_273' title='bbox 839 2393 1072 2435; x_wconf 87' lang='lat' dir='ltr'>maioribus</span> <span class='ocrx_word' id='word_1_274' title='bbox 1105 2405 1197 2434; x_wconf 91' lang='lat' dir='ltr'>esse</span> <span class='ocrx_word' id='word_1_275' title='bbox 1230 2395 1524 2434; x_wconf 86' lang='lat' dir='ltr'>consecratum</span> <span class='ocrx_word' id='word_1_276' title='bbox 1557 2391 1771 2443; x_wconf 88' lang='lat' dir='ltr'>putabant</span> <span class='ocrx_word' id='word_1_277' title='bbox 1791 2389 1994 2432; x_wconf 83' lang='lat' dir='ltr'>homines.</span> 
     </span>
     <span class='ocr_line' id='line_1_33' title="bbox 374 2449 1995 2505; baseline -0.002 -12"><span class='ocrx_word' id='word_1_278' title='bbox 374 2456 466 2505; x_wconf 73' lang='lat' dir='ltr'>Quo</span> <span class='ocrx_word' id='word_1_279' title='bbox 514 2453 797 2504; x_wconf 80' lang='lat' dir='ltr'>posteriorum</span> <span class='ocrx_word' id='word_1_280' title='bbox 845 2456 1081 2504; x_wconf 84' lang='lat' dir='ltr'>temporum</span> <span class='ocrx_word' id='word_1_281' title='bbox 1125 2463 1268 2493; x_wconf 88' lang='lat' dir='ltr'>errore</span> <span class='ocrx_word' id='word_1_282' title='bbox 1312 2454 1463 2502; x_wconf 86' lang='lat' dir='ltr'>captus</span> <span class='ocrx_word' id='word_1_283' title='bbox 1507 2453 1658 2491; x_wconf 90' lang='lat' dir='ltr'>auctor</span> <span class='ocrx_word' id='word_1_284' title='bbox 1699 2450 1768 2491; x_wconf 93' lang='lat' dir='ltr'>Ps.</span> <span class='ocrx_word' id='word_1_285' title='bbox 1800 2449 1900 2503; x_wconf 85' lang='lat' dir='ltr'>Lys.</span> <span class='ocrx_word' id='word_1_286' title='bbox 1934 2449 1995 2490; x_wconf 80' lang='lat' dir='ltr'>VI</span> 
     </span>
     <span class='ocr_line' id='line_1_34' title="bbox 373 2508 1996 2563; baseline -0.003 -10"><span class='ocrx_word' id='word_1_287' title='bbox 373 2512 585 2553; x_wconf 77' lang='lat' dir='ltr'>Andocidi</span> <span class='ocrx_word' id='word_1_288' title='bbox 619 2512 784 2553; x_wconf 88' lang='lat' dir='ltr'>crimini</span> <span class='ocrx_word' id='word_1_289' title='bbox 814 2512 961 2563; x_wconf 80' lang='lat' dir='ltr'>vertit,</span> <span class='ocrx_word' id='word_1_290' title='bbox 994 2511 1106 2563; x_wconf 86' lang='lat' dir='ltr'>quod</span> <span class='ocrx_word' id='word_1_291' title='bbox 1128 2510 1392 2562; x_wconf 90' lang='lat' dir='ltr'>Archippum</span> <span class='ocrx_word' id='word_1_292' title='bbox 1415 2509 1458 2550; x_wconf 90' lang='lat' dir='ltr'>in</span> <span class='ocrx_word' id='word_1_293' title='bbox 1481 2508 1546 2550; x_wconf 89' lang='lat' dir='ltr'>ius</span> <span class='ocrx_word' id='word_1_294' title='bbox 1569 2508 1793 2550; x_wconf 83' lang='lat' dir='ltr'>vocaverit</span> <span class='ocrx_word' id='word_1_295' title='bbox 1815 2508 1996 2561; x_wconf 75' lang='grc' dir='ltr'><em>φάσκων</em></span> 
     </span>
     <span class='ocr_line' id='line_1_35' title="bbox 374 2567 1994 2624; baseline -0.001 -15"><span class='ocrx_word' id='word_1_296' title='bbox 374 2572 535 2624; x_wconf 75' lang='grc' dir='ltr'>ἀσεβεῖν</span> <span class='ocrx_word' id='word_1_297' title='bbox 567 2571 661 2622; x_wconf 73' lang='grc' dir='ltr'>περὶ</span> <span class='ocrx_word' id='word_1_298' title='bbox 682 2571 752 2611; x_wconf 82' lang='grc' dir='ltr'>τὸν</span> <span class='ocrx_word' id='word_1_299' title='bbox 775 2570 933 2623; x_wconf 80' lang='grc' dir='ltr'><em>Ἑρμῆν</em></span> <span class='ocrx_word' id='word_1_300' title='bbox 956 2570 1027 2610; x_wconf 77' lang='grc' dir='ltr'>τὸν</span> <span class='ocrx_word' id='word_1_301' title='bbox 1049 2571 1177 2610; x_wconf 82' lang='grc' dir='ltr'><em>αὑτοῦ</em></span> <span class='ocrx_word' id='word_1_302' title='bbox 1201 2569 1303 2619; x_wconf 75' lang='lat' dir='ltr'>(scil.</span> <span class='ocrx_word' id='word_1_303' title='bbox 1320 2568 1584 2618; x_wconf 73' lang='grc' dir='ltr'><em>Ἀνδοκίδου)</em></span> <span class='ocrx_word' id='word_1_304' title='bbox 1607 2571 1818 2620; x_wconf 82' lang='grc' dir='ltr'>πατρῷον.</span> <span class='ocrx_word' id='word_1_305' title='bbox 1871 2567 1994 2609; x_wconf 76' lang='lat' dir='ltr'>Unde</span> 
     </span>
     <span class='ocr_line' id='line_1_36' title="bbox 374 2625 1997 2680; baseline -0.002 -10"><span class='ocrx_word' id='word_1_306' title='bbox 374 2630 609 2671; x_wconf 80' lang='lat' dir='ltr'>orationem</span> <span class='ocrx_word' id='word_1_307' title='bbox 654 2630 724 2671; x_wconf 83' lang='lat' dir='ltr'>VI.</span> <span class='ocrx_word' id='word_1_308' title='bbox 758 2632 896 2670; x_wconf 89' lang='lat' dir='ltr'>ortam</span> <span class='ocrx_word' id='word_1_309' title='bbox 939 2642 1032 2670; x_wconf 80' lang='lat' dir='ltr'>esse</span> <span class='ocrx_word' id='word_1_310' title='bbox 1074 2631 1221 2670; x_wconf 82' lang='lat' dir='ltr'>aetate</span> <span class='ocrx_word' id='word_1_311' title='bbox 1265 2640 1291 2669; x_wconf 92' lang='lat' dir='ltr'>a</span> <span class='ocrx_word' id='word_1_312' title='bbox 1331 2627 1490 2680; x_wconf 82' lang='lat' dir='ltr'>Lysiae</span> <span class='ocrx_word' id='word_1_313' title='bbox 1533 2639 1639 2668; x_wconf 89' lang='lat' dir='ltr'>aevo</span> <span class='ocrx_word' id='word_1_314' title='bbox 1682 2625 1790 2667; x_wconf 86' lang='lat' dir='ltr'>satis</span> <span class='ocrx_word' id='word_1_315' title='bbox 1831 2628 1997 2666; x_wconf 85' lang='lat' dir='ltr'>remota</span> 
     </span>
     <span class='ocr_line' id='line_1_37' title="bbox 374 2684 1994 2741; baseline -0.002 -13"><span class='ocrx_word' id='word_1_316' title='bbox 374 2689 571 2740; x_wconf 82' lang='lat' dir='ltr'>patescit.</span> <span class='ocrx_word' id='word_1_317' title='bbox 624 2689 744 2741; x_wconf 71' lang='lat' dir='ltr'>Quod</span> <span class='ocrx_word' id='word_1_318' title='bbox 769 2692 1067 2741; x_wconf 83' lang='lat' dir='ltr'>argumentum</span> <span class='ocrx_word' id='word_1_319' title='bbox 1095 2687 1222 2739; x_wconf 86' lang='lat' dir='ltr'>plane</span> <span class='ocrx_word' id='word_1_320' title='bbox 1245 2686 1458 2728; x_wconf 83' lang='lat' dir='ltr'>refutavit</span> <span class='ocrx_word' id='word_1_321' title='bbox 1479 2686 1529 2727; x_wconf 87' lang='lat' dir='ltr'>A.</span> <span class='ocrx_word' id='word_1_322' title='bbox 1552 2684 1779 2727; x_wconf 81' lang='lat' dir='ltr'>Kirchhoff</span> <span class='ocrx_word' id='word_1_323' title='bbox 1801 2685 1994 2736; x_wconf 86' lang='lat' dir='ltr'>(Hermes</span> 
     </span>
     <span class='ocr_line' id='line_1_38' title="bbox 376 2743 1995 2799; baseline -0.002 -11"><span class='ocrx_word' id='word_1_324' title='bbox 376 2749 393 2788; x_wconf 94' lang='grc'>1</span> <span class='ocrx_word' id='word_1_325' title='bbox 421 2748 531 2788; x_wconf 72' lang='grc'><strong>1866</strong></span> <span class='ocrx_word' id='word_1_326' title='bbox 564 2761 602 2799; x_wconf 91' lang='lat' dir='ltr'>p.</span> <span class='ocrx_word' id='word_1_327' title='bbox 626 2748 780 2799; x_wconf 74' lang='lat' dir='ltr'>7s‹1‹1.},</span> <span class='ocrx_word' id='word_1_328' title='bbox 813 2747 885 2798; x_wconf 89' lang='lat' dir='ltr'>qui</span> <span class='ocrx_word' id='word_1_329' title='bbox 918 2747 994 2787; x_wconf 83' lang='lat' dir='ltr'>illa</span> <span class='ocrx_word' id='word_1_330' title='bbox 1028 2747 1160 2788; x_wconf 87' lang='lat' dir='ltr'>verba</span> <span class='ocrx_word' id='word_1_331' title='bbox 1182 2745 1305 2797; x_wconf 88' lang='lat' dir='ltr'>quasi</span> <span class='ocrx_word' id='word_1_332' title='bbox 1327 2757 1568 2786; x_wconf 86' lang='lat' dir='ltr'>mucronem</span> <span class='ocrx_word' id='word_1_333' title='bbox 1592 2756 1684 2786; x_wconf 89' lang='lat' dir='ltr'>esse</span> <span class='ocrx_word' id='word_1_334' title='bbox 1707 2743 1995 2785; x_wconf 85' lang='lat' dir='ltr'>accusationis</span> 
     </span>
     <span class='ocr_line' id='line_1_39' title="bbox 374 2802 1995 2858; baseline -0.002 -12"><span class='ocrx_word' id='word_1_335' title='bbox 374 2811 492 2847; x_wconf 60' lang='lat' dir='ltr'>recte</span> <span class='ocrx_word' id='word_1_336' title='bbox 525 2806 723 2858; x_wconf 83' lang='lat' dir='ltr'>exposuit</span> <span class='ocrx_word' id='word_1_337' title='bbox 754 2807 883 2846; x_wconf 70' lang='grc' dir='ltr'>αὑτοῦ</span> <span class='ocrx_word' id='word_1_338' title='bbox 916 2806 1047 2847; x_wconf 86' lang='lat' dir='ltr'>verbo</span> <span class='ocrx_word' id='word_1_339' title='bbox 1082 2806 1135 2846; x_wconf 87' lang='lat' dir='ltr'>ad</span> <span class='ocrx_word' id='word_1_340' title='bbox 1157 2804 1421 2856; x_wconf 88' lang='lat' dir='ltr'>Archippum</span> <span class='ocrx_word' id='word_1_341' title='bbox 1454 2803 1613 2854; x_wconf 65' lang='lat' dir='ltr'>relato,</span> <span class='ocrx_word' id='word_1_342' title='bbox 1645 2815 1722 2855; x_wconf 91' lang='lat' dir='ltr'>per</span> <span class='ocrx_word' id='word_1_343' title='bbox 1743 2802 1995 2843; x_wconf 84' lang='lat' dir='ltr'>acerrimum</span> 
     </span>
     <span class='ocr_line' id='line_1_40' title="bbox 376 2861 1994 2916; baseline -0.002 -11"><span class='ocrx_word' id='word_1_344' title='bbox 376 2865 485 2905; x_wconf 73' lang='lat' dir='ltr'>enim</span> <span class='ocrx_word' id='word_1_345' title='bbox 519 2865 749 2906; x_wconf 86' lang='lat' dir='ltr'>ludibrium</span> <span class='ocrx_word' id='word_1_346' title='bbox 783 2865 925 2905; x_wconf 73' lang='lat' dir='ltr'>dicere</span> <span class='ocrx_word' id='word_1_347' title='bbox 958 2864 1222 2916; x_wconf 85' lang='lat' dir='ltr'>Archippum</span> <span class='ocrx_word' id='word_1_348' title='bbox 1255 2875 1375 2905; x_wconf 90' lang='lat' dir='ltr'>suum</span> <span class='ocrx_word' id='word_1_349' title='bbox 1407 2863 1610 2904; x_wconf 86' lang='lat' dir='ltr'>Hermam</span> <span class='ocrx_word' id='word_1_350' title='bbox 1643 2874 1735 2903; x_wconf 84' lang='lat' dir='ltr'>esse</span> <span class='ocrx_word' id='word_1_351' title='bbox 1767 2861 1994 2914; x_wconf 75' lang='lat' dir='ltr'>integrum,</span> 
     </span>
     <span class='ocr_line' id='line_1_41' title="bbox 377 2920 1995 2975; baseline -0.001 -14"><span class='ocrx_word' id='word_1_352' title='bbox 377 2929 541 2965; x_wconf 63' lang='lat' dir='ltr'>eeteros</span> <span class='ocrx_word' id='word_1_353' title='bbox 574 2924 835 2965; x_wconf 83' lang='lat' dir='ltr'>Andocidem</span> <span class='ocrx_word' id='word_1_354' title='bbox 869 2924 1045 2975; x_wconf 84' lang='lat' dir='ltr'>eiusque</span> <span class='ocrx_word' id='word_1_355' title='bbox 1076 2923 1245 2964; x_wconf 87' lang='lat' dir='ltr'>sodales</span> <span class='ocrx_word' id='word_1_356' title='bbox 1283 2921 1564 2963; x_wconf 85' lang='lat' dir='ltr'>mutilavisse.</span> <span class='ocrx_word' id='word_1_357' title='bbox 1625 2920 1863 2962; x_wconf 83' lang='lat' dir='ltr'>Hoelscher</span> <span class='ocrx_word' id='word_1_358' title='bbox 1894 2931 1995 2961; x_wconf 87' lang='lat' dir='ltr'>vero</span> 
     </span>
     <span class='ocr_line' id='line_1_42' title="bbox 377 2980 1997 3035; baseline -0.001 -14"><span class='ocrx_word' id='word_1_359' title='bbox 377 2995 414 3034; x_wconf 91' lang='lat' dir='ltr'>p.</span> <span class='ocrx_word' id='word_1_360' title='bbox 438 2983 493 3023; x_wconf 69' lang='lat'>450</span> <span class='ocrx_word' id='word_1_361' title='bbox 527 2987 570 3024; x_wconf 88' lang='lat' dir='ltr'>et</span> <span class='ocrx_word' id='word_1_362' title='bbox 603 2984 706 3024; x_wconf 87' lang='lat' dir='ltr'>Zutt</span> <span class='ocrx_word' id='word_1_363' title='bbox 738 2996 775 3034; x_wconf 92' lang='lat' dir='ltr'>p.</span> <span class='ocrx_word' id='word_1_364' title='bbox 799 2983 852 3022; x_wconf 78' lang='lat'>27</span> <span class='ocrx_word' id='word_1_365' title='bbox 887 2982 1044 3035; x_wconf 75' lang='grc' dir='ltr'><em>Ἑρμῆν</em></span> <span class='ocrx_word' id='word_1_366' title='bbox 1081 2985 1281 3034; x_wconf 79' lang='grc' dir='ltr'>πατρῷον</span> <span class='ocrx_word' id='word_1_367' title='bbox 1323 2993 1406 3022; x_wconf 90' lang='lat' dir='ltr'>non</span> <span class='ocrx_word' id='word_1_368' title='bbox 1448 2981 1568 3021; x_wconf 88' lang='lat' dir='ltr'>modo</span> <span class='ocrx_word' id='word_1_369' title='bbox 1612 2992 1704 3021; x_wconf 88' lang='lat' dir='ltr'>esse</span> <span class='ocrx_word' id='word_1_370' title='bbox 1736 2980 1938 3020; x_wconf 85' lang='lat' dir='ltr'>Hermam</span> <span class='ocrx_word' id='word_1_371' title='bbox 1971 2991 1997 3019; x_wconf 88' lang='lat' dir='ltr'>a</span> 
     </span>
    </p>
   </div>
  </div>
 </body>
</html>
