2077 3430
715 357 1007 397 —41—

51 467 316 534 tissimisque
349 470 618 522 opinionibus
650 472 964 515 increbrescere
996 475 1149 527 sentit3
1193 476 1303 517 hunc
1346 476 1482 518 virum
1525 476 1664 518 odIum

52 527 320 593 mexorabile
362 530 600 581 suscepisse
641 530 685 572 in
718 532 990 584 Andocidem,
1038 534 1109 584 qui
1152 534 1371 586 Mysteriis
1414 534 1665 586 profanatis,

52 586 226 628 Hermls
257 587 471 629 truncatis
513 601 558 630 se
590 594 808 632 vetustum
852 592 1024 632 deorum
1072 592 1230 633 cultum
1272 593 1395 634 nihili
1438 593 1665 634 aestimare

54 645 316 697 ostenderat,
348 658 498 698 neque,
541 651 589 688 ut
621 648 700 689 hoc
732 649 964 690 Andocidis
1009 650 1149 691 odium
1182 651 1385 703 expleret,
1433 664 1526 692 cum
1573 651 1665 692 viro

55 703 246 769 abiectO,
286 704 424 769 qualis
476 705 560 747 fuit
613 706 847 759 Cephisius,
901 708 1078 749 consilia
1130 710 1437 751 communicare
1489 722 1666 761 eumque

53 766 323 804 accusat1on1
355 763 659 806 subscribendo
683 766 888 807 adiuvare
920 767 1188 808 dubitavisse
1210 768 1379 809 minime
1412 772 1476 809 est
1498 768 1665 818 mirum3

54 833 193 872 neque
224 821 441 874 habemus,
485 835 559 864 cur
601 824 653 865 de
694 824 945 866 sinceritate
987 825 1077 867 eius
1120 826 1372 879 dubitemus,
1414 839 1667 878 quamquam

55 884 326 933 argumenta,
359 881 512 932 quibus
545 882 859 924 accusationem
892 883 1056 935 fulciat,
1099 884 1309 926 interdum
1344 885 1435 926 sine
1467 885 1667 926 veritatis

56 938 201 981 studio
234 939 395 992 eligere
426 940 612 982 videtur.

54 1045 57 1048 Α
174 997 309 1039 Porro
348 998 569 1050 aptissime
611 1000 869 1041 conveniunt
915 1001 958 1042 in
1005 1002 1270 1042 sacerdotem
1317 1002 1398 1043 hae
1444 1001 1667 1042 sollemnes

55 1056 307 1110 locutiones,
352 1070 457 1109 quas
490 1062 636 1099 orator
669 1070 760 1100 cum
793 1059 933 1111 ampla
973 1060 1154 1110 quadam
1186 1060 1495 1101 sententiarum
1526 1059 1669 1113 gravi-

56 1119 152 1158 tate
184 1118 228 1157 et
249 1116 479 1158 maiestate
501 1117 726 1158 verborum
759 1118 1020 1170 pronuntiat,
1053 1121 1097 1159 et
1119 1130 1224 1169 quas
1247 1118 1479 1160 Schneider
1503 1120 1553 1170 (p.
1571 1118 1669 1168 357)

57 1178 278 1226 tamquam
311 1188 336 1216 a
357 1175 541 1227 simplici
562 1176 722 1228 Lysiae
744 1188 822 1217 usu
845 1176 1012 1218 dicendi
1032 1176 1194 1218 alienas
1217 1189 1291 1218 suo
1313 1177 1406 1218 iure
1428 1180 1669 1218 enumerat:

57 1234 131 1288 §4
163 1234 314 1279 θυσίας
354 1235 515 1286 θύσει4)
559 1235 628 1275 καὶ
669 1235 795 1288 εὐχὰς
832 1236 989 1282 εὔξεται
1011 1269 1019 1277 .
1043 1268 1050 1275 .
1074 1266 1093 1282 .,
1137 1236 1255 1280 ὅπως
1287 1237 1338 1276 ἂν
1368 1235 1514 1288 μηδεὶς
1546 1235 1670 1287 ἀδικῇ

57 1292 168 1346 μηδὲ
200 1293 332 1347 ἀσεβῇ
363 1294 458 1346 περὶ
489 1293 537 1334 τὰ
570 1294 670 1346 ἱερά,
703 1293 802 1347 §51
836 1297 919 1334 τῶν
953 1294 998 1334 δὲ
1029 1295 1157 1341 θεῶν,
1191 1296 1265 1339 οὓς
1296 1295 1414 1347 ἡμεῖς
1444 1294 1671 1346 νομίζομεν

57 1352 129 1393 καὶ
161 1352 467 1403 θεραπεύοντες
508 1353 578 1393 καὶ
622 1353 863 1404 ἁγνεύοντες
895 1353 1056 1405 θύομεν
1088 1352 1158 1392 καὶ
1189 1352 1525 1405 προσευχόμεθα,
1570 1352 1670 1405 §53

57 1411 131 1465 τὴν
163 1411 282 1452 πόλιν
303 1412 522 1463 καθαίρειν
544 1412 614 1451 καὶ
635 1411 1047 1464 ἀποδιοπομπεῖσθαι
1069 1411 1139 1451 καὶ
1160 1411 1389 1463 φαρμακὸν
1411 1411 1671 1462 ἀποπέμπειν

58 1470 129 1511 καὶ
161 1470 370 1523 ἀλιτηρίου
414 1470 691 1511 ἀλλάττεσθαι.
752 1471 897 1521 Atque
929 1470 983 1511 ad
1015 1469 1269 1511 vocabulum
1301 1470 1517 1522 ἀλιτήριος,
1561 1469 1672 1519 quod

59 1529 104 1571 in
146 1529 229 1570 hac
271 1529 465 1570 oratione
507 1529 636 1570 semel
677 1528 915 1570 invenimus
959 1528 994 1581 (ξ
1018 1528 1098 1579 53),
1142 1528 1365 1579 quinquies
1403 1528 1515 1579 apud
1547 1526 1670 1567 Anti-

59 1588 265 1641 phontem
313 1588 368 1639 (C.
399 1588 599 1640 VVetzell,
644 1587 773 1628 lexici
818 1586 1102 1639 Antiphontei
1149 1587 1371 1638 specimen,
1418 1585 1673 1627 Laubacher

60 1648 336 1701 Programm,
379 1647 608 1700 Grunberg
652 1646 762 1687 1889
795 1658 826 1686 S.
848 1649 899 1695 v.)
963 1645 1120 1687 Cucuel
1161 1645 1267 1686 haec
1311 1646 1490 1686 adnotat
1535 1643 1674 1695 (Essai

59 1719 135 1749 sur
176 1706 221 1748 la
266 1706 424 1759 langue
467 1710 510 1747 et
551 1706 591 1746 le
638 1705 749 1757 style
798 1705 849 1745 de
890 1704 1093 1745 l’orateur
1123 1703 1362 1755 Antiphon,
1404 1702 1528 1744 Paris
1564 1701 1673 1742 1886

60 1778 100 1819 p.
114 1765 205 1817 23):
243 1777 326 1817 „un
344 1764 510 1806 certain
526 1765 700 1806 nombre
722 1764 774 1804 de
791 1766 900 1804 mots
922 1762 1173 1814 techniques
1196 1762 1404 1803 semblent
1426 1759 1674 1813 appartenir

63 1828 90 1868 a
121 1837 179 1866 un
210 1837 344 1877 usage
376 1825 540 1866 sacre·‘.
602 1823 746 1874 Atque
779 1834 871 1864 cum
903 1822 985 1862 hac
1016 1821 1200 1862 oratoris
1223 1820 1467 1861 condicione
1490 1818 1674 1860 concinit

64 1884 181 1926 color
213 1883 386 1935 quidam
427 1885 638 1933 vetustus,
681 1894 803 1933 quem
847 1884 890 1922 et
920 1880 1028 1922 Blass
1062 1893 1100 1932 p.
1122 1879 1207 1920 570
1240 1879 1342 1930 (Das
1385 1877 1674 1919 altertiimlich

64 1943 296 1994 Gesuchte)
332 1946 375 1983 et
408 1941 642 1984 Schneider
673 1953 710 1992 p.
735 1940 818 1981 356
852 1939 946 1991 (Die
978 1938 1258 1990 fremdartige
1300 1938 1384 1978 und
1426 1935 1675 1977 archaisehe

63 2000 517 2055 Darstellungsweise)
551 2000 595 2041 in
626 2000 707 2041 hac
739 1998 931 2041 oratione
964 2009 1056 2039 esse
1086 1999 1204 2038 recte
1235 1998 1470 2037 senserunt.

183 2061 343 2103 Verum
376 2059 487 2102 enim
519 2071 621 2100 vero
664 2059 717 2099 ad
749 2058 858 2098 hanc
901 2056 965 2098 sui
998 2055 1235 2108 imaginem,
1278 2066 1403 2105 quam
1435 2056 1554 2094 actor
1584 2052 1675 2104 ipse

64 2121 263 2163 oratione
280 2132 358 2161 sua
376 2117 661 2170 adumbravit,
682 2129 766 2158 non
789 2116 1013 2168 quadrant,
1045 2126 1154 2166 quae
1175 2112 1415 2154 Andocides
1438 2110 1674 2163 Epichari5)

67 2180 313 2232 exprobrat,
356 2178 401 2219 in
434 2190 558 2229 quem
600 2174 886 2218 acerbissimis
926 2173 1130 2216 conviciis
1160 2171 1380 2213 invehitur
1410 2170 1459 2223 ἓξ
1482 2169 1548 2221 99,
1584 2168 1676 2209 100.

65 2239 216 2291 Neque
248 2238 360 2280 enim
402 2237 557 2279 verba:
600 2237 646 2280 ὃς
686 2236 729 2276 ἓν
762 2233 1022 2287 δημοκρατίᾳ
1052 2232 1129 2285 μὲν
1170 2233 1447 2283 συκοφαντῶν
1488 2229 1593 2281 ἔζης,
1635 2228 1677 2267 ἐν

67 2298 283 2351 ὀλιγαρχίᾳ
327 2297 384 2344 δέ,
428 2296 489 2341 ὡς
529 2295 587 2348 μὴ
632 2293 937 2346 ἀναγκασθείης
982 2291 1028 2330 τὰ
1079 2291 1271 2343 χρήματα
1313 2288 1554 2338 ἀποδοῦναι,
1601 2286 1676 2325 ὅσα

66 2360 351 2410 συκοφαντῶν
384 2356 540 2409 ἔλαβες,
574 2353 790 2397 ἐδούλευες
820 2355 901 2396 τοῖς
922 2351 1138 2402 τριάκοντα
1172 2347 1272 2401 §99
1305 2346 1389 2388 dici
1420 2347 1596 2398 possunt
1628 2344 1678 2384 de

186 2499 210 2539 ⁴)
238 2499 290 2533 sic
317 2509 365 2533 ex
393 2497 521 2532 Cobeti
547 2494 810 2535 emendatione,
839 2489 1040 2524 θυσιάσουσι
1067 2487 1114 2524 Χ,

188 2547 213 2590 5)
241 2547 354 2589 Quem
380 2545 598 2588 Epicharem
626 2542 777 2577 eundem
805 2550 882 2574 esse
907 2542 1041 2582 putant
1067 2541 1176 2580 atque
1201 2535 1415 2579 Epicharem
1434 2533 1678 2575 Lamptreum,

68 2594 133 2638 qui
159 2596 462 2629 commemoratur
487 2591 571 2634 Lys.
591 2590 672 2624 XII.
688 2587 732 2622 55
767 2589 875 2631 Pape,
907 2586 1157 2629 Eigennamen
1183 2594 1210 2617 s.
1229 2593 1273 2625 v.,
1306 2582 1350 2634 H:
1375 2580 1602 2622 Frohberger
1635 2578 1679 2611 ad

69 2642 161 2687 Lys.
187 2639 314 2676 X1155
353 2638 538 2683 (AusgeW.
564 2637 688 2672 Reden
731 2635 792 2670 des
830 2635 869 2668 L.
896 2634 913 2667 Ι
946 2631 1100 2675 Leipzig
1129 2628 1261 2671 1880‘2),
1303 2628 1492 2668 Kirchner,
1534 2626 1679 2679 Prosop.

70 2690 150 2724 Att.
168 2689 187 2723 Ι
212 2686 322 2731 4991;
350 2686 489 2729 dubito,
509 2696 555 2719 an
573 2695 643 2719 non
658 2686 754 2718 recte
770 2682 900 2716 collato
914 2680 990 2714 loco
1005 2677 1210 2713 Andocideo
1227 2673 1485 2729 Edooksvsgsotg
1499 2682 1679 2725 τριαξοντα

71 2747 154 2771 011111
180 2737 248 2771 1100
272 2735 446 2777 Lysiaco:
473 2730 552 2767 τοὺς
569 2729 632 2773 μὲν
649 2728 831 2771 τριάκοντα
849 2725 1011 2768 ἐξέβαλον
1027 2722 1118 2766 πλὴν
1140 2722 1312 2757 Φείδωνος
1330 2721 1392 2752 καὶ
1408 2717 1680 2770 Ερατοσθενους,

71 2782 242 2825 ἄρχοντας
280 2780 318 2814 δὲ
356 2779 435 2816 τοὺς
472 2778 616 2814 ἐκείνοις
653 2776 833 2819 ἐχθίστους
870 2772 999 2806 εἵλοντο
1024 2773 1107 2815 Lys.
1126 2770 1197 2805 XII
1215 2768 1271 2822 543
1311 2769 1408 2802 inter
1430 2777 1532 2821 ‘quos
1564 2768 1681 2819 ¹etlain

70 2831 306 2875 Epicharem;
342 2829 386 2863 de
412 2828 469 2862 his
496 2827 619 2861 decem
652 2824 741 2859 viris
767 2822 875 2867 paulo
910 2821 1008 2855 infra
1033 2819 1189 2870 legimus
1215 2815 1314 2871 §9⁹st
1351 2813 1510 2855 λαβοντες
1536 2823 1607 2865 ²1⁰9.
1624 2822 1682 2866 τας

72 2875 183 2920 ἀργὰς
222 2875 283 2909 καὶ
320 2874 382 2918 τὴν
417 2873 516 2906 πόλιν
553 2870 761 2914 ἀμφοτέροις
795 2867 994 2909 ἐπολέμουν,
1028 2869 1095 2900 τοῖς
1121 2863 1158 2896 δε
1191 2873 1370 2913 τριακοιὶτα
1397 2889 1404 2895 ,
1501 2870 1558 2911 και
1592 2869 1680 2897 υμιν,

72 2913 166 2960 Zu'tt
191 2936 225 2969 p.
244 2923 290 2957 26
316 2924 362 2958 ad
389 2923 485 2957 hunc
506 2921 722 2965 Epicharem
748 2916 895 2951 rettulit
917 2914 1069 2949 titulum
1086 2912 1114 2946 Ι.
1130 2912 1170 2946 G.
1189 2911 1226 2963 ῌ
1243 2908 1274 2943 2.
1293 2907 1372 2961 632,
1398 2907 1461 2941 ubi
1485 2905 1682 2949 Epichares

73 2970 290 3013 Εὐωνυμεύς
317 2981 410 3005 anno
436 2967 543 3010 398s7
570 2966 691 3008 ταμίας
724 2967 794 2996 τῶν
820 2962 924 3003 ἱερῶν
947 2958 1136 3002 χρημάτων
1162 2958 1274 2992 fuisse
1301 2956 1445 2995 dicltur,
1473 2963 1580 2996 quam
1605 2961 1682 2985 sen-

72 3019 231 3055 tentiam
257 3019 358 3053 nullo
385 3018 602 3061 argumento
629 3011 788 3048 stabiliri
814 3020 917 3055 posse
942 3012 1039 3043 recte
1066 3005 1166 3040 dixit
1191 3002 1372 3047 Roegholt
1398 3012 1430 3044 p.
1453 2999 1504 3034 ll.

585 3143 599 3165 Υ
