2077 3430
758 361 1050 402 —27-

93 470 370 513 literarische
401 472 581 516 Portr'at
613 476 689 517 der
721 477 935 520 Griechen
977 479 1032 520 im
1065 481 1115 522 V.
1147 482 1232 522 und
1264 482 1336 523 IV.
1359 483 1522 535 Jahrb,
1563 484 1711 526 Berlin

96 528 222 582 1896,
254 542 293 582 p.
309 530 402 596 ‘479
437 536 480 573 et
511 545 550 585 p.
573 534 654 575 521
676 541 779 587 sqq.)
814 549 906 578 eam
938 538 1199 580 invectivam
1220 541 1346 592 paulo
1379 546 1476 593 post
1508 542 1626 583 litem
1659 543 1712 584 ab

95 588 346 630 adversario
381 591 562 641 quodam
594 592 805 636 invidiose
839 597 1122 648 conscriptam
1156 598 1414 651 existimant,
1448 604 1491 641 et
1523 601 1577 641 ad
1604 601 1713 641 hanc

93 647 354 688 sententiam
395 648 426 689 ii
470 662 636 702 quoque
683 647 975 707 accesserunt,
1023 656 1094 707 (1111
1141 656 1280 698 ultimi
1327 658 1426 699 huic
1473 659 1714 710 quaestioni

97 717 272 758 operam
320 708 594 760 studiumque
639 717 912 754 navaverunt
960 726 1136 766 eamque
1182 715 1354 757 uberius
1401 720 1714 769 tractaverunt,

95 764 190 830 dico
224 764 292 831 W.
314 765 476 808 Weber
509 768 587 813 (De
619 768 777 821 Lysiae
810 783 919 822 quae
960 772 1100 814 fertur
1137 777 1286 815 contra
1316 775 1577 816 Andocidem
1620 788 1712 817 ora-

93 827 224 876 tlone,
243 824 341 866 diss
360 825 536 877 Lipsiae
555 827 680 875 1900)
705 833 749 870 et
770 830 819 871 V.
833 830 1067 872 Schneider
1084 832 1165 883 (Ps.
1184 832 1338 884 Lysias
1360 835 1449 873 κατ’
1472 834 1713 875 Ἀνὸοκίὸου

95 883 286 936 ἀσεβείας
319 884 406 935 (VI)
439 885 538 926 Jbb.
571 885 599 926 f.
632 886 689 927 kl.
722 887 831 929 Phil.
864 889 1049 931 XXVII.
1072 889 1215 942 Suppl.
1251 891 1362 932 1902
1394 904 1432 943 p.
1456 891 1714 943 352-372).

216 941 382 994 Quibus
405 944 607 985 assentiri
629 957 714 986 non
734 958 917 1000 possum,
949 948 1073 989 immo
1096 949 1336 991 rationibus
1359 962 1502 991 eorum
1523 951 1715 1002 pensatis

97 1012 145 1042 eo
179 1001 391 1066 adductus
434 1014 537 1056 sum,
579 1006 628 1044 ut
671 1004 906 1047 orationem
948 1019 1051 1048 vere
1092 1006 1302 1049 forensem
1345 1020 1437 1049 esse
1479 1009 1582 1050 mihi
1620 1021 1714 1061 per-

96 1071 317 1101 suaserlm.

214 1118 390 1160 Etenim
433 1119 469 1161 si
512 1120 749 1162 orationem
785 1122 921 1174 ipsam
962 1123 1006 1164 in
1049 1136 1225 1166 examen
1267 1137 1478 1178 vocamus,
1519 1130 1717 1167 vetamur

96 1177 190 1219 fere
233 1189 427 1220 sermone
468 1179 614 1221 vivaci
658 1184 702 1221 et
748 1181 914 1234 agitato
958 1183 1010 1224 de
1052 1183 1324 1225 accusatione
1364 1183 1466 1225 ficta
1513 1184 1715 1236 cogitare.

97 1236 319 1279 Plurimae
346 1240 448 1278 sunt
470 1238 751 1281 allocutiones
773 1239 970 1294 iudicum,
1003 1253 1112 1292 quae
1133 1241 1177 1282 in
1199 1242 1310 1283 omni
1332 1241 1423 1283 fere
1443 1243 1715 1296 paragrapho

100 1295 392 1349 inveniuntur,
435 1296 732 1350 indignatione
770 1300 953 1350 quadam
984 1299 1270 1341 inflammatus
1311 1305 1459 1341 narrat
1493 1306 1718 1342 accusator

98 1355 122 1409 ξ
140 1355 193 1395 11
219 1355 484 1397 Andocidem
503 1357 698 1407 quamvis
719 1357 854 1409 ipsum
878 1358 1180 1410 nequissimum
1203 1359 1310 1400 alios
1331 1359 1551 1412 religionis
1573 1359 1716 1401 laesae

100 1426 305 1456 accusare
336 1426 421 1456 non
454 1415 733 1457 dubitavisse.
794 1417 906 1458 Tota
943 1417 1081 1459 oratio
1123 1417 1260 1469 spirat
1302 1417 1585 1469 eloquentiam
1627 1422 1717 1459 tam

98 1472 335 1525 simplicem
368 1477 413 1515 et
443 1474 696 1527 naturalem,
728 1478 777 1516 ut
809 1476 861 1517 ab
894 1476 1062 1517 homine
1089 1488 1342 1527 quamquam
1375 1476 1541 1517 erudito
1574 1480 1718 1517 tamen

98 1532 207 1574 artis
245 1532 490 1574 rhetoricae
534 1533 642 1574 satis
683 1533 833 1586 ignaro
877 1535 1120 1587 conscripta
1150 1535 1362 1576 videatur.
1424 1534 1717 1588 Cogitationes

100 1591 429 1643 sententiasque
470 1604 554 1633 non
598 1592 829 1634 artificiose
862 1593 1049 1645 disponit
1090 1594 1176 1646 sed,
1218 1594 1329 1635 sicut
1371 1593 1409 1635 ei
1450 1593 1494 1634 in
1534 1598 1717 1634 mentem

102 1654 328 1703 venerunt,
350 1650 474 1692 iuxta
495 1651 633 1703 ponit;
663 1651 782 1693 cuius
803 1652 867 1693 rei
889 1652 1083 1705 exempla
1105 1652 1350 1694 enumeravi
1371 1665 1409 1704 p.
1428 1651 1494 1693 20.
1526 1651 1718 1703 Accedit,

99 1710 215 1762 quod
247 1709 296 1762 is,
330 1710 403 1761 qui
433 1710 636 1763 loquitur,
669 1711 721 1752 de
753 1723 798 1752 se
826 1711 917 1763 ipso
939 1710 1143 1752 nonnulla
1165 1711 1350 1763 exponit,
1383 1722 1492 1762 quae
1514 1710 1614 1761 quid
1636 1710 1719 1751 sibi

99 1768 238 1810 velint
262 1769 307 1810 in
328 1769 563 1822 invectiva,
585 1769 661 1810 vix
682 1769 898 1823 intellego.
945 1770 1101 1822 Verba,
1124 1782 1233 1821 quae
1254 1769 1434 1822 legimus
1455 1769 1554 1810 inde
1576 1781 1600 1810 a
1622 1768 1644 1821 ξ
1662 1769 1719 1810 54

99 1828 321 1878 Βούλομαι
342 1829 481 1870 τοίνυν
503 1830 640 1875 εἰπεῖν,
663 1830 689 1869 ἃ
712 1829 889 1882 Διοκλῆς
911 1829 934 1869 ὁ
957 1828 1156 1880 Ζακόρου
1178 1832 1250 1869 τοῦ
1273 1829 1530 1881 ἱεροφάντου,
1548 1828 1719 1872 πάππος

101 1887 146 1928 δὲ
178 1888 392 1940 ἡμέτερος,
426 1888 726 1941 συνεβούλευσε
746 1888 1068 1941 βουλευομένοις
1089 1888 1187 1940 ὑμῖν
1218 1887 1345 1928 usai.
1376 1886 1560 1928 nobilem
1580 1886 1720 1927 virum

101 1959 154 1988 ex
185 1946 541 1999 Eumolpidarum
572 1951 702 2000 gente
735 1950 873 1987 ortum
900 1946 1123 1998 perspicue
1156 1945 1370 1987 exhibent.
1421 1946 1565 1996 Atque
1596 1956 1718 1985 accu-

103 2009 292 2047 satorem
308 2005 609 2058 Eumolpidam
627 2018 719 2047 esse
737 2009 812 2046 aut
830 2009 946 2046 certe
965 2017 1057 2046 cum
1076 2004 1136 2046 eis
1159 2003 1462 2046 consuetudine
1484 2015 1603 2044 usum
1627 2014 1718 2043 esse

101 2065 203 2106 inde
225 2077 394 2116 quoque
418 2064 671 2107 concludere
692 2064 805 2117 licet,
829 2065 940 2116 quod
962 2063 1066 2105 dicit
1089 2063 1112 2117 ξ
1130 2063 1173 2104 2:
1195 2063 1265 2103 καὶ
1286 2067 1409 2103 ταῦτα
1431 2062 1574 2102 πολλοὶ
1595 2062 1720 2114 ἡμῶν

100 2126 263 2177 ἤκουον
294 2128 368 2165 τοῦ
403 2125 653 2177 ἱεροφάντου
686 2124 886 2176 λέγοντος,
920 2126 963 2164 et
996 2134 1088 2164 oum
1121 2122 1210 2163 eius
1232 2133 1438 2173 proavum
1470 2121 1719 2172 ἱεροφάντην

101 2183 236 2225 fuisse
269 2183 454 2224 sciamus
487 2195 539 2224 ex
571 2182 684 2236 §54‚
727 2182 797 2223 hic
829 2182 880 2223 de
911 2181 985 2222 illo
1017 2182 1178 2222 Zacoro
1211 2180 1295 2221 dici
1326 2178 1605 2231 improbabile
1636 2190 1720 2219 non

102 2246 180 2284 est.
243 2243 305 2284 At
337 2254 413 2283 cur
444 2246 597 2283 auctor
627 2241 883 2293 invectivae,
926 2252 1051 2292 quam
1084 2251 1176 2281 esse
1207 2239 1318 2280 hanc
1356 2237 1590 2279 orationem
1624 2248 1718 2277 con-

100 2302 297 2354 tendunt,
329 2301 397 2342 his
428 2301 575 2343 verbis
608 2299 929 2342 accuratissime
951 2298 1225 2352 significaret,
1261 2309 1384 2349 quem
1405 2296 1539 2338 verba
1560 2295 1719 2336 iacien-

100 2364 188 2402 tem
220 2360 429 2413 finxisset,
471 2360 580 2401 nihil
618 2359 713 2412 fuit,
756 2359 992 2400 orationem
1034 2357 1144 2399 enim
1183 2368 1259 2408 pro
1300 2367 1406 2397 vera
1449 2353 1721 2396 accusatione

103 2419 200 2462 duci
248 2420 340 2461 eius
386 2431 471 2461 non
516 2423 606 2461 tam
652 2418 861 2460 interesse
906 2420 1078 2469 poterat
1119 2427 1244 2467 quam
1285 2413 1518 2455 Andocidis
1564 2412 1720 2453 famam

101 2479 493 2530 auctoritatemque
524 2477 772 2530 infringere.

221 2538 323 2579 Alia
353 2537 525 2590 indicia,
569 2537 722 2588 quibus
759 2547 962 2577 summam
993 2534 1081 2575 vim
1111 2532 1383 2574 tribuendam
1425 2542 1518 2571 esse
1559 2540 1720 2579 censeo,

103 2597 321 2639 lucramur
343 2597 509 2638 duabus
531 2596 598 2637 his
633 2595 898 2637 orationibus
927 2592 1117 2643 collatis;
1149 2590 1320 2643 saepius
1349 2589 1458 2631 enim
1479 2587 1722 2630 Andocides

101 2656 332 2698 manifesto
376 2656 431 2697 ad
472 2655 608 2697 verba
650 2653 856 2696 orationis
888 2653 956 2694 Ps.
979 2651 1190 2704 Lysiacae
1226 2648 1414 2701 respicit.
1477 2646 1598 2699 Quod
1638 2657 1722 2686 non

101 2715 377 2768 infitiabitur,
420 2714 675 2767 quicumque
718 2712 915 2764 opinione
955 2722 1039 2752 non
1080 2707 1377 2761 praeiudicata
1407 2705 1563 2758 legerit
1593 2705 1721 2745 haec:

102 2775 174 2816 καὶ
205 2775 358 2828 λόγους
389 2774 506 2815 εἷπον
537 2773 599 2818 ὡς
629 2772 833 2825 πρότερον
865 2771 1019 2822 ἑτέρων
1047 2767 1318 2821 ἁμαρτόντων
1340 2766 1409 2806 καὶ
1430 2763 1724 2817 ἀσεβησάντων

102 2834 197 2887 περὶ
228 2834 288 2875 τὼ
320 2834 425 2881 θεώ,
459 2833 525 2874 οἷα
558 2834 729 2876 ἕκαστος
766 2831 904 2870 αὐτῶν
947 2828 1081 2869 ἔπαθε
1122 2826 1192 2867 καὶ
1223 2824 1464 2878 ἐτιμωρήθη
1486 2846 1544 2851 —
1564 2822 1724 2862 τούτων

104 2892 181 2934 οὖν
218 2893 312 2947 ἐμοὶ
348 2897 433 2933 τῶν
464 2892 605 2945 λόγων
638 2893 662 2944 ἢ
694 2893 778 2930 τῶν
811 2890 947 2941 ἔργων
978 2888 1016 2926 τί
1042 2886 1263 2938 προσήκεις
1298 2880 1546 2931 (And.129)
1580 2883 1623 2921 et
1654 2880 1723 2920 PS.

103 2952 264 3006 Lysiae
295 2952 442 3004 verba,
485 2962 595 3002 quae
627 2948 750 2990 initio
789 2945 996 2989 orat-ionis
1029 2947 1222 2986 exstant:
1265 2942 1385 2995 ἔδησε
1416 2940 1486 2980 τὸν
1519 2940 1645 2979 ἵππον
1676 2938 1725 2978 ἐκ

102 3015 177 3052 τοῦ
210 3012 397 3065 ῥόπτρου
430 3014 502 3051 τοῦ
536 3011 650 3062 ἱεροῦ
786 3007 864 3047 οὐκ
897 3005 1069 3045 ἐδύνατο
1102 3002 1251 3043 ἐσθίειν
1274 3000 1311 3054 (ξ
1336 3000 1395 3051 1);
1427 2998 1650 3039 Ἀδύνατον
1679 2996 1724 3036 δὲ

576 3139 589 3159 V
