2077 3430
216 779 371 856 Raro
405 811 587 862 quodam
621 824 671 853 ac
703 811 821 853 felici
855 824 956 853 casu
988 812 1150 853 factum
1184 815 1260 865 est,
1303 816 1352 854 ut
1394 813 1634 854 orationum
1677 813 1720 854 in

99 867 179 909 lite
211 869 399 922 ἀσεβείας
420 869 464 911 in
485 870 749 912 Andocidem
772 871 943 912 intenta
963 883 1046 912 non
1069 871 1204 913 solum
1226 871 1288 912 rei
1311 871 1502 913 defensio
1529 872 1651 923 (And.
1674 872 1721 924 I),

97 938 250 968 verum
283 927 414 969 etiam
446 929 665 970 accusatio
708 929 831 971 nobis
864 933 1040 972 servata
1071 930 1141 982 sit,
1184 942 1293 981 quae
1325 934 1450 971 sexta
1480 930 1596 972 inter
1626 943 1720 972 ora-

97 985 238 1027 tiones
260 986 471 1040 Lysiacas
503 987 654 1029 fertur.
708 988 810 1029 Cum
834 1001 935 1030 vero
959 989 1092 1030 codex
1114 988 1188 1030 ille
1209 988 1436 1030 Palatinus
1458 989 1501 1030 X
1533 989 1720 1039 (Heidel-

99 1045 325 1098 bergensis
348 1045 430 1098 88),
474 1058 526 1087 ex
569 1059 651 1098 quo
695 1046 785 1088 solo
829 1047 1070 1089 orationum
1112 1047 1393 1100 Lysiacarum
1435 1047 1534 1089 inde
1567 1048 1620 1089 ab
1652 1048 1722 1089 III

96 1115 233 1155 usque
280 1105 335 1146 ad
380 1105 538 1147 XXXI
578 1105 824 1147 memoriam
871 1107 1057 1158 pendere
1098 1106 1412 1147 demonstravit
1453 1107 1506 1148 H.
1539 1105 1721 1159 Sauppe,

98 1162 316 1215 (Epistula
338 1164 492 1205 critica
514 1164 569 1205 ad
601 1164 650 1207 G.
673 1165 977 1218 Hermannum,
1009 1165 1184 1216 Lipsiae
1209 1164 1333 1213 1841,
1356 1177 1393 1216 p.
1412 1165 1436 1205 7
1450 1177 1510 1216 sq.
1534 1184 1588 1199 Ξ
1611 1165 1720 1206 Α113-

96 1222 316 1274 gewahlte
344 1222 576 1276 Schriften,
608 1223 757 1264 Berlin
782 1223 906 1276 1896,
938 1236 977 1275 p.
1001 1224 1055 1264 87
1069 1227 1143 1275 sq.)
1178 1227 1222 1265 et
1253 1223 1400 1265 multis
1430 1224 1594 1265 mendis
1625 1224 1720 1265 illa-

96 1280 154 1322 tis
188 1284 232 1322 et
264 1281 370 1323 totis
402 1281 519 1323 foliis
552 1282 720 1324 amissis
752 1282 1000 1334 turpissime
1032 1283 1296 1334 depravatus
1337 1283 1406 1335 sit,
1448 1283 1556 1324 haec
1596 1286 1723 1324 sexta

97 1351 208 1390 quae
240 1339 382 1381 fertur
413 1340 574 1394 Lysiae
607 1341 746 1383 oratio
779 1342 885 1383 adeo
918 1344 985 1383 est
1016 1341 1193 1394 afflicta,
1225 1344 1274 1382 ut
1306 1341 1525 1383 exordium
1558 1342 1722 1383 duobus

97 1398 256 1440 codicis
289 1399 406 1440 101113
438 1399 676 1451 deperditis
714 1401 769 1442 ad
800 1412 877 1441 nos
908 1412 992 1441 non
1023 1400 1273 1452 pervenerit
1305 1404 1349 1441 et
1379 1400 1520 1442 media
1551 1400 1595 1441 in
1627 1412 1721 1441 ora-

95 1457 215 1499 tione
258 1458 569 1511 cogitationum
611 1471 746 1500 nexus
788 1471 946 1512 magna
986 1459 1143 1500 lacuna
1183 1459 1452 1511 interruptus
1495 1458 1564 1500 sit.
1627 1458 1722 1511 Qua

94 1516 253 1558 misera
286 1517 444 1558 codicis
478 1518 726 1559 condicione
757 1530 914 1571 magna
946 1530 999 1559 ex
1030 1521 1156 1570 parte
1187 1518 1351 1559 factum
1384 1522 1461 1569 est,
1492 1521 1542 1559 ut
1572 1517 1722 1560 variae

96 1575 480 1628 discrepantesque
512 1577 565 1618 (10
597 1577 679 1618 hac
721 1577 916 1618 oratione
960 1576 1205 1618 sententiae
1237 1589 1263 1618 a
1293 1576 1400 1619 viris
1444 1576 1582 1618 doctis
1626 1588 1720 1628 pro-

95 1634 332 1686 ferrentur3
372 1636 447 1676 sed
478 1635 655 1688 Lysiam
688 1640 906 1677 auctorem
938 1635 1064 1677 huius
1097 1635 1305 1677 orationis
1336 1648 1420 1677 non
1453 1647 1546 1677 esse
1578 1647 1722 1676 omnes

94 1693 187 1735 1010
219 1694 504 1736 consentiunt.

213 1753 306 1794 Iam
349 1753 550 1805 antiquos
593 1753 897 1806 grammaticos
940 1754 992 1795 de
1034 1756 1211 1794 auctore
1254 1752 1522 1795 dubitavisse
1553 1753 1720 1805 Harpo-

95 1811 233 1853 cratio
266 1812 600 1865 lexicographus
633 1813 769 1865 docet,
804 1812 875 1864 qui
909 1825 1002 1853 cum
1034 1812 1145 1853 hanc
1173 1812 1409 1853 orationem
1443 1816 1512 1853 ter
1543 1824 1720 1853 comme-

93 1873 233 1912 moret
265 1874 310 1921 (S.
333 1884 372 1914 v.
395 1872 622 1925 καταπλήξ,
656 1872 852 1924 ῥόπτρον,
886 1871 1126 1924 φαρμακός)
1159 1871 1338 1913 vocibus
1361 1883 1413 1912 ex
1434 1870 1510 1912 illa
1531 1870 1721 1912 laudatis

93 1929 161 1972 bis
194 1930 317 1972 addit
348 1930 426 1972 illa
456 1931 593 1972 verba
634 1932 672 1971 εἰ
700 1931 867 1983 γνήσιος
899 1931 922 1970 ὁ
954 1930 1123 1982 Myos-J)
1185 1931 1331 1981 Atque
1374 1930 1505 1971 etiam
1545 1929 1721 1971 titulum

94 1988 315 2042 orationis,
360 1989 433 2040 qui
464 1989 509 2030 in
542 1989 687 2031 codice
719 1989 921 2031 Palatino
954 1989 1079 2030 simul
1121 2001 1214 2030 cum
1255 1988 1380 2030 initio
1423 1988 1616 2040 opusculi
1657 1988 1720 2029 in-

94 2048 228 2100 teriit,
272 2048 608 2101 Harpocrationi
646 2048 726 2090 soli
764 2060 840 2089 nos
873 2048 1030 2089 debere
1062 2047 1264 2089 dixerunt
1294 2048 1342 2089 F.
1363 2047 1472 2089 Blass
1506 2047 1721 2099 (Attische

92 2107 424 2149 Beredsamkeit
446 2108 506 2160 12,
538 2107 720 2160 Leipzig
744 2107 868 2159 1887,
901 2119 938 2159 p.
957 2106 1056 2157 562)
1090 2111 1134 2147 et
1165 2107 1215 2148 V.
1238 2106 1473 2148 Schneider
1502 2106 1584 2157 (Jb.
1607 2106 1635 2147 1.
1658 2106 1716 2147 kl.

93 2166 205 2208 Phil.
229 2166 374 2219 Suppl.
398 2166 575 2209 XXVII
600 2166 712 2207 1902
746 2179 784 2218 p.
807 2165 920 2218 352),
952 2166 1027 2207 3οᾶ
1049 2165 1172 2218 falso,
1205 2177 1298 2206 cum
1320 2165 1460 2218 index,
1490 2165 1562 2216 qui
1585 2165 1721 2206 codici

92 2225 296 2267 Palatino
319 2226 362 2267 X
394 2225 655 2278 praemissus
687 2228 731 2266 et
763 2237 789 2266 a
819 2225 898 2266 Τ11.
915 2224 1184 2266 Thalheimio
1219 2224 1390 2276 (Lysiae
1413 2224 1630 2265 orationes
1657 2224 1720 2265 ed.

94 2284 271 2336 Lipsiae
296 2284 421 2336 1901)
446 2284 580 2336 praef.
603 2297 641 2336 p.
664 2285 738 2337 IV,
771 2297 797 2325 a
819 2283 860 2325 C.
883 2283 1026 2325 Hudio
1050 2283 1223 2336 (Lysiae
1245 2283 1462 2324 orationes
1485 2284 1548 2324 ed.
1566 2282 1721 2324 Oxonii

97 2343 222 2395 1912)
256 2343 392 2396 praef.
424 2356 463 2396 p.
486 2343 555 2385 III
587 2343 829 2395 descriptus
863 2347 939 2395 est,
984 2342 1160 2383 titulum
1197 2341 1426 2383 memoriae
1467 2341 1719 2383 tradiderit:

95 2404 187 2443 κατ’
219 2403 465 2443 Ἀνδοκίδου
499 2403 700 2456 ἀσεβείας.

211 2461 471 2503 Recentiore
504 2464 647 2503 autem
681 2464 827 2502 aetate
860 2473 952 2502 eam
985 2459 1174 2512 spuriam
1207 2472 1300 2501 esse
1332 2460 1644 2501 contenderunt
1674 2459 1720 2500 hi

92 2520 178 2562 viri
211 2521 349 2562 docti:

307 2591 476 2633 Primus
498 2591 550 2633 D.
566 2590 782 2632 Ruhnken
806 2589 1015 2641 (Historia
1038 2589 1190 2631 critica
1212 2592 1429 2631 oratorum
1447 2589 1719 2641 Graecorum,

308 2663 435 2702 quam
467 2650 693 2702 praemisit
714 2649 854 2691 Rutili
880 2649 993 2701 Lupi
1027 2648 1217 2701 editioni,
1249 2647 1451 2701 Lugduni
1471 2648 1569 2689 Bat.
1594 2647 1718 2700 1768,

306 2722 345 2762 p.
368 2709 425 2750 50
448 2728 502 2743 Ξ
526 2709 743 2762 Opuscula
764 2709 812 2749 Ι2
846 2708 958 2748 1823
990 2721 1029 2760 p.
1052 2707 1150 2759 324)
1185 2708 1237 2749 (10
1268 2707 1403 2760 Lysia
1435 2710 1610 2748 auctore
1643 2707 1717 2747 du-

305 2768 468 2810 bitavit
480 2785 488 2821 ;

214 2886 237 2931 l)
263 2885 462 2928 καταπλήξ;
501 2885 521 2918 ὁ
554 2888 709 2927 συνεχῶς
742 2883 988 2927 πεπληγμένος,
1022 2883 1156 2919 Λυσίας
1190 2882 1226 2915 ἐν
1258 2887 1307 2925 τῷ
1340 2881 1427 2924 πρὸς
1460 2881 1628 2924 Αἰσχίνην
1660 2880 1718 2914 τὸν

94 2932 339 2975 Σωκρατικόν,
377 2932 413 2966 ἐν
447 2937 496 2976 τῷ
530 2931 608 2965 κατ’
631 2931 835 2965 Ἀνδοκίδου
861 2930 1029 2974 ἀσεβείας,
1067 2930 1099 2962 εἰ
1126 2929 1264 2973 γνήσιος
1299 2929 1318 2961 ὁ
1349 2929 1459 2972 λόγος,
1510 2929 1715 2972 φαρμακόςς

93 2980 226 3017 Λυσίας
252 2979 288 3013 ἓν
313 2985 362 3023 τῷ
388 2978 466 3013 κατ’
492 2978 691 3012 Ἀνδοκίδου
718 2978 886 3022 ἀσεβείας,
912 2977 943 3010 εἴ
966 2977 1101 3021 γνήσιος
1128 2977 1147 3009 ὁ
1171 2977 1281 3020 λόγος,

558 3128 570 3149 ν
