2077 3430
88 461 138 511 (p.
163 458 216 499 27
236 463 352 511 sqq).
415 461 574 502 Parum
606 474 708 504 vero
752 464 955 506 credibile
1000 469 1066 506 est
1108 470 1391 517 accusatores,
1435 479 1526 508 cum
1569 467 1706 518 prima

85 517 256 565 ἔνδειξις
288 519 343 559 ad
374 518 499 560 finem
530 532 614 561 11011
646 522 925 576 pervenisset,
959 523 1097 565 altera
1125 526 1353 566 secundum
1375 538 1492 566 reum
1514 526 1706 567 iudicata

90 577 436 642 essen-tertium
479 578 629 620 iisdem
672 580 763 621 fere
810 582 1073 633 argumentis
1115 584 1376 624 Andocidem
1425 584 1706 636 accusavisse,

88 647 198 686 quae
229 635 314 701 fide.
336 636 420 677 iam
453 638 736 680 refutaverat.
784 640 938 692 Itaque
959 644 1150 682 veterem
1172 642 1428 683 sententiam
1452 644 1706 683 servandam

87 706 181 736 esse
212 695 317 735 1111111
350 707 599 746 persuasum
632 701 709 750 est,
753 710 861 749 quae
893 699 1052 751 Lysiae
1083 701 1317 742 orationem
1351 701 1422 742 VI.
1455 701 1573 742 litem
1606 701 1707 742 anni

89 765 125 794 a.
149 753 245 795 Chr.
268 766 308 794 n.
332 753 416 795 399
449 759 646 807 spectare
679 757 846 798 statuit.
900 758 1022 810 911011
1043 758 1080 799 31
1107 771 1255 800 verum
1289 763 1364 811 est,
1397 759 1521 801 simul
1554 760 1708 812 opinio,

88 824 214 863 quam
248 813 383 854 Zacas
417 814 468 855 de
502 814 709 856 orationis
752 820 909 857 natura
942 820 985 859 et
1017 818 1069 858 de
1101 818 1284 858 oratoris
1316 818 1483 859 nomine
1514 818 1708 870 protulit,

88 871 252 912 caduca
283 871 342 913 fit.
404 873 454 913 In
487 872 565 914 lite
597 874 708 914 enim
741 875 840 915 anni
868 875 952 915 399
986 875 1208 927 Cephisius
1240 877 1523 929 protologiam
1555 877 1708 918 habuit

88 930 212 980 (And.
235 930 256 971 I
280 929 347 971 33.
372 931 437 972 71.
461 931 528 973 92.
554 931 662 985 121),
696 945 819 984 quem
852 934 1086 975 orationem
1114 935 1187 976 VI.
1219 947 1302 975 non
1334 935 1535 976 habuisse
1568 935 1708 976 elucet

89 1000 142 1030 ex
174 988 275 1042 §42
309 990 466 1042 verbis,
499 1003 609 1041 quae
640 1004 678 1043 p.
704 991 757 1031 12
791 992 1018 1044 descripsi;
1051 993 1188 1034 oratio
1217 993 1352 1046 igitur
1372 1006 1454 1034 non
1478 997 1544 1035 est
1565 997 1707 1045 proto-

87 1047 216 1100 logia.
279 1048 453 1090 Oratori
497 1053 639 1091 autem
680 1062 764 1091 non
806 1051 891 1092 fuit
932 1064 1082 1093 nomen
1124 1052 1300 1104 Dioclis,
1343 1065 1435 1093 cum
1467 1052 1711 1094 Andocides

87 1106 487 1219 1ξὲ3εῷ21100113010103
520 1121 612 1150 0330
641 1109 895 1162 Cephisium,
927 1111 1143 1163 Meletum,
1174 1111 1432 1162 Epicharem
1464 1111 1710 1153 narraverit

236 1178 326 1218 sqq.

208 1225 289 1266 His
322 1226 374 1267 de
406 1225 495 1277 lite,
528 1226 572 1267 in
604 1239 688 1277 qua
721 1229 821 1268 acta
853 1239 945 1268 esse
972 1228 1145 1269 videtur
1167 1228 1317 1280 oratio,
1348 1228 1594 1280 praemissis
1626 1228 1710 1269 iam

91 1284 146 1325 ad
179 1284 417 1326 orationem
459 1285 596 1337 ipsam
628 1291 866 1337 transeam3
910 1299 959 1327 ac
991 1287 1129 1338 prima
1161 1287 1329 1338 quidem
1361 1291 1486 1338 parte
1519 1287 1709 1339 disputa-

89 1342 221 1384 tionis
263 1343 454 1385 rationes
502 1344 700 1397 colligam
748 1348 878 1396 atque
926 1346 1160 1398 explicabo,
1208 1346 1361 1396 quibus
1408 1346 1643 1387 orationem
1686 1358 1712 1386 a

89 1401 226 1454 Lysia
268 1403 546 1454 compositam
588 1416 681 1445 esse
725 1403 972 1446 existimare
1003 1408 1212 1457 vetamur,
1255 1405 1394 1445 altera
1426 1405 1477 1445 de
1508 1408 1711 1456 tempore,

92 1473 173 1512 quo
208 1461 444 1513 composita
485 1462 543 1503 sit
585 1462 736 1514 oratio,
778 1463 911 1504 tertia
942 1466 1078 1515 parte,
1120 1466 1263 1504 utrum
1304 1463 1348 1504 in
1389 1463 1545 1504 iudicio
1588 1466 1712 1504 orata

91 1519 149 1561 sit
180 1532 325 1573 necne,
358 1523 515 1572 quarta
547 1522 599 1562 de
630 1533 814 1573 persona
846 1522 1004 1563 actoris
1038 1522 1254 1563 disseram.

206 1709 243 1761 1.
283 1709 429 1762 Num
471 1709 678 1776 Lysias
718 1709 889 1762 huius
929 1709 1220 1762 orationis
1261 1711 1469 1762 auctor
1507 1709 1600 1761 sit.

211 1815 418 1856 Veterum
461 1816 512 1856 de
554 1815 636 1857 hac
679 1815 872 1857 oratione
914 1814 1172 1857 sententiam
1214 1815 1336 1856 nobis
1378 1814 1572 1857 servavit
1603 1815 1713 1856 Har-

92 1874 306 1927 pocratio,
355 1874 428 1925 qui
470 1874 648 1915 vocibus
690 1875 906 1928 καταπλήξ
948 1877 992 1915 01
1033 1875 1262 1927 φαρμακός
1304 1886 1356 1915 ex
1397 1874 1478 1915 hac
1520 1873 1713 1915 oratione

94 1933 241 1974 allatis
275 1933 443 1974 addidit
475 1935 509 1973 εἰ
542 1934 707 1986 γνήσιος
739 1934 762 1973 ὁ
794 1934 917 1985 λόγος
950 1933 1016 1983 (cf.
1048 1946 1087 1985 p.
1111 1933 1162 1985 7),
1201 1933 1312 1974 unde
1344 1932 1543 1983 antiquos
1575 1944 1714 1985 gram-

93 1992 275 2033 maticos
306 2004 407 2033 num
429 1992 585 2045 Lysias
619 1995 770 2033 auctor
802 1996 915 2033 esset
947 1992 1215 2033 dubitavisse
1248 1994 1439 2043 apparet.
1491 1992 1585 2032 Hoc
1606 1991 1714 2032 iudi-

94 2051 205 2092 cium
244 2054 391 2092 aetate
433 2051 674 2092 recentiore
715 2051 876 2103 primus
920 2050 1216 2102 comprobavit
1248 2051 1297 2091 D.
1320 2050 1534 2091 Ruhnken
1567 2050 1714 2101 (Opus-

95 2110 192 2152 cula
223 2123 261 2162 p.
285 2110 397 2162 324),
441 2110 542 2161 quia
574 2110 655 2151 hac
686 2109 730 2151 111
763 2109 957 2151 oratione
990 2111 1042 2150 de
1073 2109 1293 2150 Andocide
1326 2109 1532 2160 quaedam
1573 2111 1715 2150 essent

93 2169 278 2222 prolata,
321 2181 431 2220 quae
473 2169 589 2210 nullo
631 2170 754 2210 modo
796 2169 911 2210 inter
957 2181 1002 2210 se
1045 2169 1344 2210 cohaererent:
1386 2168 1430 2208 in
1462 2167 1559 2221 §31
1606 2167 1716 2208 enim

93 2228 358 2270 Andocidem
385 2240 512 2280 „opes
535 2240 634 2269 suas
656 2227 858 2269 minuisse
888 2231 931 2269 et
952 2227 1066 2268 inter
1088 2227 1302 2268 delatores
1325 2226 1534 2278 divisisse,
1567 2229 1718 2267 contra

93 2288 139 2329 in
171 2287 273 2341 §49
312 2290 402 2329 tam
445 2287 693 2339 opulentum
735 2299 828 2328 esse
870 2286 965 2338 dici,
1007 2290 1054 2327 ut
1096 2286 1160 2327 rei
1201 2285 1399 2337 publicae
1440 2284 1638 2337 inopiam,
1681 2284 1717 2325 si

94 2346 317 2399 voluisset,
362 2346 591 2388 sublevare
633 2345 887 2398 potuisset“.
949 2345 1070 2398 Quae
1112 2344 1288 2386 offensio
1330 2344 1449 2385 nulla
1491 2347 1577 2395 est,
1619 2355 1718 2384 nam

96 2409 402 2458 praeterquam
435 2406 547 2457 quod
591 2408 729 2446 totum
774 2405 881 2446 illud
913 2403 1074 2458 §ii-31³2
1109 2403 1399 2445 enuntiatum:
1441 2403 1512 2443 καὶ
1551 2402 1597 2443 τὸ
1638 2402 1717 2455 μὲν

96 2469 222 2518 σῶμα
256 2465 318 2505 ἀεὶ
350 2465 393 2505 ἒν
427 2465 596 2517 δεσμοῖς
628 2465 721 2517 ἔχει,
764 2465 789 2517 ἡ
825 2464 869 2504 δὲ
901 2464 1018 2504 οὐσία
1059 2464 1185 2503 αὐτοῦ
1228 2463 1406 2502 ἐλάττων
1439 2463 1484 2502 ἐκ
1516 2465 1599 2501 τῶν
1631 2477 1718 2501 κιν-

97 2524 240 2565 δύνων
274 2525 447 2577 γίγνεται
478 2536 556 2575 per
588 2522 963 2575 amplificationem
995 2521 1253 2563 rhetoricam
1278 2520 1438 2562 dictum
1467 2523 1543 2573 est,
1574 2520 1717 2561 Ando-

98 2583 214 2625 cides
247 2583 369 2625 dives
402 2594 495 2624 esse
516 2582 670 2634 potuit,
704 2581 873 2623 etiamsi
895 2584 1061 2633 partem
1084 2580 1334 2622 divitiarum
1367 2578 1580 2630 amiserat,
1613 2590 1719 2629 quas

98 2654 151 2684 ex
182 2641 369 2695 negotiis
401 2641 703 2683 transmarinis
735 2640 817 2682 sibi
850 2642 1187 2691 comparaverat.
1249 2639 1484 2680 Praeterea
1504 2637 1720 2679 Ruhnken

96 2701 141 2743 in
175 2713 226 2743 ea
256 2713 304 2742 re
336 2700 526 2753 offendit,
560 2701 671 2752 quod
703 2699 829 2740 huius
861 2698 1068 2740 orationis
1101 2701 1252 2740 auctor
1282 2697 1506 2738 historiam
1534 2695 1718 2738 Andoci-

98 2760 164 2802 dis
196 2772 347 2813 parum
380 2759 665 2812 cognovisset,
708 2771 801 2799 cum
833 2758 934 2811 §46
966 2757 1230 2799 Andocidem
1270 2767 1485 2807 nunquam
1522 2754 1720 2796 militiam

98 2819 340 2872 suscepisse
371 2822 583 2872 narraret,
606 2817 880 2870 Thucydides
903 2819 1046 2858 autem
1068 2816 1090 2858 Ι
1112 2816 1167 2857 52
1200 2815 1320 2856 11111111
1343 2814 1470 2856 classi
1503 2825 1611 2855 anno
1635 2812 1719 2853 432

100 2878 353 2931 Corcyraeis
396 2877 556 2919 auxilio
597 2877 754 2918 missae
784 2875 1024 2928 praefuisse
1064 2874 1294 2916 memoriae
1324 2874 1539 2925 proderet.
1598 2871 1721 2924 Quod

99 2937 137 2979 si
169 2949 319 2979 verum
352 2940 478 2989 esset,
518 2949 570 2978 ex
601 2935 682 2978 tali
715 2934 1007 2987 discrepantia
1039 2933 1275 2975 orationem
1306 2932 1474 2974 omnino
1507 2944 1532 2972 a
1562 2930 1723 2983 Lysiae

100 3000 249 3038 aetate
270 2996 573 3039 removendam
597 3007 689 3037 esse
712 2994 917 3046 eluceret3
946 2993 1057 3045 quod
1080 3004 1172 3034 cum
1194 2991 1354 3044 primus
1377 2990 1538 3033 Sluiter
1559 2989 1730 3042 apertis.

573 3135 586 3157 ν
