2077 3430
103 450 179 493 illo
211 451 448 494 Isotimidis
479 454 770 506 psephismate
801 456 917 499 facto
949 470 1087 510 neque
1118 460 1287 502 sublato
1320 461 1550 503 honoribus
1584 462 1720 503 civili-

104 510 185 552 bus
228 514 343 552 esset
384 511 594 577 privatus.
656 513 779 567 Quod
819 516 1120 567 populiscitum
1164 522 1208 560 et
1238 520 1497 561 Patroclidis
1528 521 1721 572 psephis-

104 571 221 610 mate
259 572 304 611 et
334 569 502 622 legibus
548 571 648 613 inde
690 573 743 614 ab
785 573 966 616 Euclide
1013 576 1218 618 archonte
1259 577 1504 620 valentibus
1552 579 1721 620 irritum

105 627 269 669 factum
302 640 395 670 esse
426 630 669 672 Andocides
701 631 827 683 plane
866 636 910 674 et
947 635 1171 686 perspicue
1209 636 1522 678 demonstravit
1548 637 1569 678 Ι
1593 638 1645 678 77
1660 650 1721 688 sq.

106 689 152 728 et
183 685 251 739 87,
294 699 379 738 qua
417 688 611 730 oratione
654 694 804 732 contra
846 692 1188 735 adversariorum
1231 695 1389 736 crimen
1431 707 1476 737 se
1518 695 1722 737 defendit.

105 746 395 811 Accusatores
427 750 570 788 autem
605 760 697 790 cum
729 749 811 802 ipsi
845 754 1043 793 eventum
1075 752 1139 793 rei
1161 753 1334 794 dubium
1367 765 1458 795 esse
1492 757 1608 795 certe
1638 766 1722 795 non

104 808 368 858 lgnorarent‚
401 806 589 857 priorum
620 807 684 848 rei
715 807 953 850 facinorum
984 811 1228 852 memoriam
1260 837 1316 840 —
1348 812 1441 853 dico
1468 813 1722 854 Hermarum

104 863 421 929 mutilationem
455 869 498 906 et
528 866 667 917 patris
701 867 750 917 (si
783 867 844 908 eis
875 868 1001 910 fidem
1032 869 1252 920 habemus)
1285 870 1578 922 sociorumque
1607 871 1721 912 dela-

105 926 266 988 tionem
297 947 355 952 —
387 924 698 978 repetiverunt,
731 937 812 977 quo
844 926 1015 969 facilius
1049 931 1179 980 atque
1210 928 1506 970 vehementius
1537 929 1723 970 iudicum

105 993 214 1023 iram
246 994 291 1023 111
321 994 440 1023 reum
472 982 744 1036 instigarent.
796 985 1013 1039 Attamen,
1046 988 1157 1038 quod
1185 986 1400 1040 volebant,
1433 987 1618 1029 assecuti
1640 1000 1724 1029 non

107 1044 224 1092 sunt;
256 1041 522 1083 Andocidem
555 1042 665 1083 enim
695 1043 936 1085 absolutum
969 1057 1060 1086 esse
1082 1045 1181 1087 inde
1203 1046 1472 1098 perspicitur,
1505 1047 1616 1098 quod
1638 1046 1724 1098 pri-

105 1099 186 1141 mis
208 1099 370 1141 saeculi
391 1100 464 1142 IV.
487 1101 610 1142 annis
628 1102 756 1143 choro
778 1114 1014 1156 puerorum,
1038 1116 1161 1155 quem
1184 1108 1482 1157 exornaverat,
1504 1104 1725 1157 Dionysiis

106 1158 337 1201 victoriam
368 1159 612 1211 reportavit
645 1161 689 1210 (Ι.
708 1160 757 1203 G.
779 1161 825 1202 Π
849 1161 885 1214 1,
902 1161 986 1203 533
1009 1182 1065 1197 =
1088 1163 1398 1216 Dittenberger
1425 1163 1469 1204 II
1494 1163 1602 1215 712),
1641 1175 1726 1214 qua

106 1217 294 1261 victoria
324 1222 454 1270 parta
494 1219 705 1271 tripodem
744 1219 962 1263 dedicavit
995 1221 1076 1272 (Ps.
1098 1221 1277 1263 Ρ1111.Χ
1309 1234 1366 1263 or.
1388 1221 1465 1263 vit.
1488 1221 1571 1263 835
1585 1222 1638 1274 b),
1681 1225 1726 1263 et

106 1276 257 1330 paucis
290 1277 412 1319 annis
443 1281 542 1330 post
573 1278 617 1319 in
648 1278 761 1320 bello
795 1279 1014 1321 Corinthio
1048 1281 1158 1331 quod
1191 1280 1349 1321 dicitur
1385 1292 1558 1322 munere
1589 1280 1725 1333 legati

107 1336 282 1378 1111161113
314 1337 369 1378 ad
399 1336 763 1379 Lacedaemonios
794 1337 947 1379 missus
980 1342 1057 1392 est,
1093 1342 1143 1380 ut
1174 1339 1226 1380 de
1257 1338 1376 1391 pacis
1409 1339 1726 1380 condicionibus

108 1399 259 1449 ageret
291 1396 413 1446 (And.
435 1396 507 1447 ΙΙ).

227 1453 311 1496 Sed
344 1455 396 1496 de
427 1454 663 1496 Isotimidis
694 1455 768 1497 illo
801 1455 1092 1508 psephismate
1125 1456 1410 1508 compluribus
1442 1455 1588 1498 verbis
1621 1468 1726 1507 opus

108 1517 177 1555 est
209 1513 486 1567 disputemus,
530 1514 630 1565 quia
670 1514 714 1555 in
746 1515 1061 1567 dissertatione,
1103 1527 1228 1566 quam
1270 1514 1512 1567 nuperrime
1553 1514 1727 1566 scripsit

112 1573 191 1625 „de
224 1585 401 1625 corpore
429 1572 536 1614 iuris
557 1573 910 1615 Atheniensium“
946 1574 1122 1615 Bonnae
1146 1573 1270 1626 1913,
1301 1574 1341 1616 J.
1365 1573 1592 1615 Schreiner
1624 1573 1725 1614 ami-

109 1644 183 1674 cus
215 1631 475 1673 sententiam
507 1632 700 1685 protulit,
733 1645 842 1684 quae
873 1632 978 1673 mihi
1009 1632 1084 1674 vix
1115 1632 1289 1674 videtur
1309 1632 1541 1684 probanda.
1592 1632 1728 1672 Putat

112 1690 223 1733 enim
255 1704 294 1743 p.
317 1690 394 1732 93:
440 1703 722 1743 „quamquam
754 1691 892 1743 ipsum
923 1690 1158 1732 Isotimidis
1199 1690 1444 1743 psephisma
1484 1702 1594 1731 novo
1638 1702 1726 1731 601-

110 1762 215 1803 pore
246 1750 353 1791 iuris
396 1750 651 1803 abrogatum
694 1754 799 1803 erat,
842 1749 937 1791 ideo
979 1750 1045 1791 ius
1088 1762 1136 1791 eo
1180 1749 1470 1802 psephismate
1512 1748 1728 1790 conditum

110 1809 236 1851 simul
268 1809 486 1851 sublatum
519 1821 611 1850 esse
642 1821 815 1850 necesse
846 1821 931 1850 non
963 1812 1040 1861 est,
1081 1808 1206 1850 immo
1239 1808 1283 1849 in
1313 1820 1469 1850 novum
1502 1819 1653 1859 corpus
1684 1807 1729 1847 id

108 1872 329 1921 receptum
352 1880 446 1910 esse
469 1880 562 1909 cum
585 1868 744 1909 diserto
768 1867 939 1909 silentio
962 1867 1146 1909 oratoris
1169 1866 1417 1918 ceteroquin
1437 1865 1729 1908 verbosissimi

109 1933 201 1969 tum
242 1927 376 1969 multo
419 1927 562 1969 studio
606 1930 788 1979 apparet
820 1939 901 1978 quo
935 1926 1036 1980 §92
1051 1938 1112 1978 sq.
1145 1925 1336 1978 exemplo
1379 1925 1545 1966 scilicet
1577 1925 1728 1966 adver·

110 1987 321 2029 sariorum
353 1998 524 2028 suorum
556 1986 681 2028 simul
713 1998 815 2028 vero
847 1997 924 2038 pro
957 1997 1002 2027 se
1033 1985 1138 2038 ipso,
1170 1984 1427 2027 oblivionem
1449 1983 1625 2036 opponit
1646 1982 1729 2024 iuri

109 2045 317 2088 valenti“.

228 2104 441 2156 Equidem
474 2107 625 2145 6011116
667 2116 805 2154 neque
836 2102 1072 2144 Isotimidis
1108 2101 1353 2155 psephisma
1393 2113 1531 2152 neque
1572 2100 1638 2141 ius
1681 2112 1729 2141 eo

111 2164 330 2206 conditum
361 2163 461 2205 inde
493 2163 546 2204 ab
578 2162 761 2204 Euclide
802 2163 1009 2204 archonte
1049 2164 1191 2203 ratum
1233 2160 1366 2202 1111336
1406 2160 1473 2201 1113
1505 2160 1558 2200 de
1590 2158 1730 2200 causis

112 2223 329 2265 existimo:
355 2222 537 2275 primum
561 2221 730 2273 quidem
752 2220 1056 2273 psephismatis
1078 2220 1212 2272 ipsius
1234 2219 1462 2261 verborum
1485 2220 1729 2259 contextum

110 2283 152 2325 J.
171 2282 402 2325 Schreiner
421 2294 505 2323 non
523 2281 631 2322 satis
648 2280 850 2333 respexit.
882 2279 1125 2321 Andocides
1142 2278 1249 2320 illud
1264 2277 1458 2320 breviter
1475 2277 1602 2318 affert
1618 2276 1639 2317 Ι
1658 2277 1730 2316 71:

230 2342 253 2383 ὁ
284 2342 363 2395 μὲν
395 2340 474 2394 γὰρ
512 2340 623 2381 εἶπεν
665 2340 874 2392 εἴργεσθαι
915 2342 998 2379 τῶν
1039 2339 1164 2390 ἱερῶν
1204 2337 1300 2382 τοὺς
1340 2337 1622 2389 ἀσεβήσαντας
1661 2334 1732 2374 καὶ

111 2401 466 2454 ὁμολογήσαντας,
490 2402 622 2451 atque
638 2398 748 2440 falso
767 2397 909 2440 addit:
942 2397 1035 2450 ἐμοὶ
1052 2397 1096 2437 δὲ
1112 2397 1272 2437 τούτων
1289 2396 1485 2447 οὐδέτερα
1502 2394 1730 2447 πεποίηται,

111 2473 210 2502 116111
252 2459 297 2501 111
339 2458 535 2501 016110116
568 2459 620 2500 (16
661 2457 805 2499 reditu
836 2456 988 2498 habita
1029 2468 1075 2497 se
1107 2454 1337 2506 deliquisse
1379 2453 1471 2506 ipse
1513 2452 1732 2494 confessus

112 2523 180 2561 est
211 2519 260 2573 ἓξ
284 2519 322 2571 8,
345 2518 413 2560 25.
475 2518 621 2569 Atque
654 2529 747 2558 cum
780 2519 957 2567 ceteros,
1001 2526 1177 2566 quorum
1217 2513 1388 2555 nomina
1420 2512 1566 2553 delata
1597 2514 1731 2562 erant,

112 2582 190 2620 aut
222 2577 432 2630 supplicio
466 2577 646 2618 61166103
689 2588 782 2617 6336
825 2579 900 2616 6111
941 2574 1046 2626 fuga
1087 2573 1270 2614 salutem
1302 2571 1508 2624 petivisse
1549 2569 1733 2611 sciamus

112 2650 165 2679 ex
196 2638 358 2679 Andoc.
381 2637 403 2678 Ι
427 2636 492 2678 13.
518 2635 583 2677 15.
608 2635 673 2676 16.
697 2634 751 2675 34
783 2645 920 2685 neque
953 2632 1169 2674 confessos
1212 2643 1304 2672 esse
1336 2642 1407 2672 eos
1440 2631 1648 2681 appareat
1681 2639 1732 2668 ex

112 2697 214 2750 LyS.
236 2697 299 2739 VI
324 2696 398 2737 14:
432 2697 566 2736 ἔπειτα
590 2695 738 2735 ἐκεῖνοι
759 2693 836 2746 μὲν
859 2693 1091 2745 ἀρνοῦνται,
1124 2689 1245 2735 οὗτος
1267 2690 1304 2730 δ’
1328 2689 1528 2742 ὁμολογεῖ
1553 2691 1732 2740 ποιῆσαι,

113 2756 222 2797 illud
252 2755 499 2808 psephisma
540 2766 625 2795 non
655 2752 738 2794 nisi
771 2753 823 2793 de
854 2763 937 2792 uno
969 2749 1190 2792 Andocide
1221 2748 1356 2789 latum
1389 2759 1481 2789 esse
1513 2746 1604 2787 1616
1637 2757 1732 2786 6011-

115 2818 216 2868 3161,
264 2827 398 2867 quare
444 2813 530 2855 iam
575 2812 726 2854 melius
772 2809 1074 2863 intellegimus,
1122 2820 1196 2849 6111
1227 2806 1469 2848 Andocides
1491 2804 1583 2846 187
1622 2804 1734 2844 hanc

113 2874 252 2927 legem
286 2874 463 2915 afferat:
505 2872 633 2925 Moy&
666 2872 728 2911 ἐπ’
763 2869 884 2922 ἀνδρὶ
914 2869 1048 2921 νόμον
1085 2868 1232 2914 ἐξεῖναι
1263 2866 1408 2912 θεῖναι,
1451 2864 1522 2904 ἕάν
1562 2862 1621 2916 μὴ
1663 2862 1734 2902 τὸν

116 2933 242 2974 αὐτὸν
285 2933 351 2973 ἐπὶ
391 2936 516 2972 πᾶσιν
557 2930 804 2984 Ἀθηναίοις,
852 2928 923 2969 ἐὰν
970 2927 1028 2980 μὴ
1073 2925 1356 2978 ἑξακισχιλίοις
1399 2923 1501 2976 δόξῃ
1544 2921 1735 2974 κρύβδην

116 2993 435 3046 ψηφιζομένοις.
