2077 3430
1025 347 1316 388 -36—

365 474 505 514 fictam
540 482 630 510 esse
664 468 913 518 arbitratur,
946 466 1089 517 habet,
1135 477 1209 506 cur
1250 464 1293 505 in
1336 463 1422 504 illis
1453 462 1599 505 verbis
1632 462 1839 514 offendat3
1880 474 1982 504 nam

365 531 397 571 si
420 531 608 582 profecto
626 541 649 568 a
668 539 769 568 vera
790 524 1062 567 accusatione
1086 523 1379 574 abhorrerent,
1405 533 1545 563 nonne
1561 521 1657 573 plus
1681 520 1983 563 admirationis

364 593 579 630 moverent
621 587 661 627 in
693 586 851 638 μελέτῃ,
894 595 977 635 qua
1010 582 1233 624 elaborata
1265 581 1442 622 iuvenes
1474 579 1583 621 artis
1613 579 1858 621 rhetoricae
1889 583 1981 622 stu-

365 647 468 688 diosi
503 646 665 686 discere
698 643 923 694 debebant,
956 653 1037 693 quo
1070 641 1192 682 modo
1225 639 1307 691 ipsi
1331 638 1648 680 accusationem
1670 637 1979 680 instituerent?

480 703 788 746 Gravissimum
831 703 1139 753 argumentum,
1183 710 1264 750 quo
1308 697 1569 739 sententiam
1611 708 1731 738 suam
1772 696 1982 751 muniant,

364 763 523 804 Sluiter
545 769 595 814 (p.
621 761 729 811 173),
752 760 911 801 Weber
944 762 993 810 (p.
1017 758 1099 810 27),
1131 756 1366 799 Schneider
1388 758 1438 808 (p.
1457 755 1556 807 366)
1581 767 1632 797 ex
1655 755 1678 809 ξ
1701 755 1756 796 42
1780 755 1980 798 afferunt.

364 821 617 863 Incredibile
650 820 809 861 ducunt
843 817 1085 870 Cephisium
1126 820 1314 858 actorem
1347 814 1597 867 primarium
1630 826 1656 856 a
1687 814 1982 867 subscriptore

363 888 447 921 tam
483 879 690 920 invidiose
723 877 936 929 proditum
971 888 1078 927 esse3
1115 874 1361 916 invectivae
1394 877 1537 915 autem
1570 876 1789 915 auctorem
1821 873 1897 915 illa
1929 885 1979 916 eo

363 938 536 980 consilio
569 936 801 989 scripsisse,
834 940 883 977 ut
915 947 1007 976 cum
1031 933 1241 986 Cephisio‚
1275 933 1347 985 qui
1380 945 1483 974 sane
1515 932 1632 974 fama
1663 932 1779 974 haud
1810 931 1981 975 sincera

366 996 812 1049 erat,familiaritatem
846 994 927 1035 sibi
960 1005 1042 1035 non
1076 1005 1168 1034 esse
1201 993 1460 1041 ostenderet,
1493 990 1689 1043 quamvis
1722 990 1813 1032 eius
1855 1003 1980 1033 accu-

362 1056 567 1097 sationem
601 1055 803 1106 probaret
835 1056 965 1104 atque
998 1051 1239 1093 adiuvaret.
1301 1051 1450 1102 Neque
1481 1049 1688 1103 Blassius,
1722 1061 1980 1102 quamquam

362 1114 594 1155 orationem
628 1113 838 1154 forensem
872 1123 964 1153 esse
995 1114 1134 1163 putat,
1166 1110 1243 1151 illa
1274 1109 1409 1151 verba
1441 1109 1484 1150 in
1516 1108 1674 1150 iudicio
1708 1108 1980 1161 pronuntiari

363 1173 549 1225 potuisse
583 1171 776 1213 concedit
809 1175 859 1223 (p.
883 1169 993 1222 570),
1035 1170 1110 1211 sed
1153 1169 1230 1210 lite
1262 1168 1386 1210 finita
1431 1180 1482 1210 ea
1513 1167 1700 1209 orationi
1727 1167 1855 1210 illata
1886 1179 1984 1210 esse

363 1232 610 1273 arbitratur.
689 1230 783 1282 Qua
829 1229 997 1271 ratione
1045 1229 1199 1269 ductus
1251 1227 1362 1269 hanc
1413 1226 1734 1280 paragraphum
1785 1226 1829 1268 in
1873 1239 1983 1269 vera

362 1290 632 1331 a‹·cusatione
675 1292 838 1330 oratam
882 1300 974 1329 esse
1016 1290 1173 1339 putem,
1215 1286 1300 1328 iam
1343 1298 1474 1338 supra
1516 1285 1694 1338 exposui
1734 1298 1773 1338 p.
1802 1285 1858 1327 30
1887 1297 1978 1338 sqq.

362 1350 507 1400 Neque
530 1348 665 1400 video,
699 1360 773 1389 cur
804 1347 847 1387 in
870 1346 956 1387 illis
978 1345 1123 1388 verbis
1145 1345 1420 1398 offendamus,
1452 1344 1578 1386 immo
1601 1344 1706 1386 mihi
1727 1356 1979 1397 persuasum

362 1413 425 1448 est
458 1408 691 1460 σιψήγορον
723 1406 766 1447 id
798 1418 925 1447 unum
959 1404 1109 1458 egisse,
1141 1416 1194 1446 ne
1226 1404 1390 1446 iudices
1422 1403 1676 1456 opprobriis,
1719 1403 1873 1456 quibus
1913 1403 1979 1446 rei

353 1466 682 1507 *accusatoribus
728 1465 957 1506 veritatem
1009 1464 1219 1515 fidemque
1272 1463 1484 1516 abrogare
1535 1462 1745 1516 solebant,
1798 1474 1978 1504 commo-

362 1529 575 1576 verentur,
609 1528 657 1565 ut
689 1523 920 1565 Andocidis
953 1522 1186 1564 sceleribus
1218 1522 1511 1575 indulgerent3
1553 1521 1631 1563 illa
1663 1521 1842 1563 crimina
1873 1533 1980 1564 vera

361 1596 413 1624 an
448 1584 556 1624 falsa
589 1583 675 1624 sint
708 1582 924 1624 iudicandi
956 1585 1107 1634 postea
1146 1585 1315 1633 tempus
1346 1580 1457 1632 fore3
1501 1593 1551 1622 ea
1582 1592 1689 1622 vera
1721 1592 1825 1632 esse,
1867 1592 1981 1632 quae

362 1642 527 1693 quidem
552 1643 604 1682 ad
636 1642 770 1693 ipsum
794 1641 1136 1693 Epicharemque
1158 1640 1418 1693 pertineant,
1450 1640 1567 1682 nullo
1589 1640 1712 1681 modo
1737 1639 1977 1692 c011cedit.⁶)

478 1701 597 1753 Quod
631 1704 771 1741 autem
804 1700 1070 1752 subscriptor
1100 1699 1246 1741 verbis
1287 1700 1388 1744 ἴσως
1430 1698 1505 1740 οὖν
1545 1699 1616 1739 καὶ
1647 1699 1860 1752 Κηφισίου
1903 1699 1978 1739 ἀν-

360 1760 680 1812 τικατηγορήσει,
709 1759 779 1799 καὶ
802 1760 880 1805 ἕξει
905 1759 963 1799 ὅτι
979 1759 1074 1812 λέγῃ
1104 1758 1226 1799 addit
1251 1757 1298 1798 τὰ
1327 1757 1408 1811 γὰρ
1437 1758 1577 1812 ἀληθῆ
1602 1758 1683 1811 χρὴ
1706 1758 1848 1811 λέγειν,
1869 1757 1978 1800 haec

361 1818 494 1869 primo
518 1818 670 1859 obtutu
699 1818 805 1859 satis
828 1818 972 1869 inepte
995 1817 1112 1858 dicta
1134 1829 1228 1858 esse
1250 1817 1470 1868 videntur,
1502 1820 1647 1858 tamen
1669 1816 1705 1858 si
1727 1819 1982 1869 reputamus

361 1888 452 1917 eum
472 1878 519 1929 ξς·
537 1877 588 1917 16
606 1881 649 1917 et
667 1876 722 1917 50
740 1876 1058 1918 criminationes
1071 1875 1193 1927 quasi
1211 1876 1254 1917 in
1271 1875 1435 1918 iudices
1452 1875 1648 1928 proferre
1663 1888 1748 1918 non
1765 1875 1977 1929 dubitare,

359 1935 449 1975 veri
473 1947 553 1976 11011
578 1936 800 1976 admodum
818 1935 1023 1976 dissimile
1045 1938 1111 1976 est
1129 1947 1222 1976 eum
1241 1935 1311 1976 hic
1327 1936 1462 1988 κυρίῳ
1483 1935 1709 1989 κατηγόρῳ
1725 1947 1809 1976 non
1825 1946 1980 1987 peper-

360 1993 478 2046 cisse,
502 2006 622 2045 quem
647 1998 694 2035 ut
717 1994 925 2035 hominem
947 1993 1251 2046 nequissimum
1273 1993 1342 2036 vir
1363 1993 1520 2037 nobilis
1537 2005 1712 2046 prorsus
1734 1996 1975 2035 contemne-

360 2052 445 2093 bat.
495 2053 734 2104 (10111118111111
760 2053 869 2093 enim
893 2066 917 2094 a
939 2053 1154 2094 nobilibus
1176 2053 1412 2094 Andocidis
1435 2052 1698 2095 adversariis
1721 2056 1977 2094 commotum

361 2123 462 2162 esse,
495 2116 541 2152 nt
565 2111 626 2152 illi
651 2112 860 2153 act-ionem
883 2113 1071 2165 ἀσεβείας
1093 2112 1350 2165 intenderet,
1383 2112 1551 2153 scilicet
1573 2111 1676 2164 quia
1697 2111 1780 2164 ipsi
1803 2123 1977 2154 causam

360 2170 640 2220 periculosam
675 2183 803 2223 agere
835 2183 917 2212 non
951 2171 1043 2213 ausi
1076 2174 1187 2224 sunt,
1219 2175 1402 2223 apparet
1435 2183 1487 2213 ex
1509 2172 1672 2213 Andoc.
1694 2171 1715 2212 I
1741 2170 1841 2212 121:
1874 2170 1976 2216 δοὺς

362 2228 554 2281 Κηφισίῳ
586 2230 714 2282 χιλίας
747 2230 939 2282 δραχμὰς
971 2230 1202 2271 ἐνδείκνυσί
1229 2246 1282 2283 με
1321 2230 1390 2271 καὶ
1431 2231 1488 2276 εἰς
1528 2229 1599 2270 τὸν
1642 2230 1788 2282 ἀγῶνα
1829 2233 1979 2270 τοῦτον

359 2288 598 2340 καθίστησιν
641 2292 684 2329 et
726 2288 825 2329 122:
869 2289 929 2332 ὡς
971 2290 1008 2329 εἰ
1036 2290 1091 2329 ἔτι
1131 2289 1202 2329 καὶ
1243 2293 1318 2330 νῦν
1359 2289 1591 2342 βουλοίμην
1633 2289 1863 2342 ἀποστῆναι
1902 2293 1977 2342 τῆς

360 2345 578 2387 Ἐπιλύκου
626 2348 847 2399 θυγατρός,
909 2349 1070 2397 ἕτοιμος
1121 2349 1181 2401 εἴη
1233 2348 1482 2389 παύσασθαί
1528 2364 1582 2400 με
1633 2351 1780 2393 κακῶς
1825 2350 1973 2401 ποιῶν,

360 2404 587 2448 ἀπαλλάξαι
621 2406 664 2445 (δὲ
698 2406 914 2458 Κηφίσιον.
967 2407 1034 2447 Ad
1066 2406 1146 2447 hoc
1177 2406 1264 2448 vile
1297 2406 1482 2448 officium
1515 2406 1727 2448 hominem
1758 2406 1976 2460 integrum

361 2475 529 2514 operam
563 2476 679 2505 suam
712 2477 794 2505 non
828 2465 1172 2507 accomodavisse
1204 2469 1535 2507 consentaneum
1569 2469 1645 2507 est.

476 2523 610 2574 Quam
634 2524 950 2575 paragraphum
974 2524 1015 2565 in
1038 2536 1143 2565 vera
1165 2524 1441 2566 accusatione
1462 2524 1546 2566 iam
1569 2524 1715 2578 fuisse,
1747 2527 1976 2577 praeterea

362 2579 454 2620 ideo
488 2585 553 2621 est
575 2581 818 2634 verisimile,
852 2584 962 2633 quod
996 2583 1201 2624 eiusmodi
1225 2583 1369 2625 verbis
1392 2587 1667 2625 accusatores
1699 2595 1745 2625 se
1775 2595 1860 2625 non
1890 2582 1975 2625 nisi

362 2650 463 2679 vera
511 2640 702 2690 proferre
743 2641 954 2682 iudicibus
1001 2643 1260 2693 persuadere
1307 2642 1457 2684 solitos
1505 2654 1597 2684 esse
1642 2643 1768 2684 docet
1808 2642 1977 2684 Rhetor

361 2709 592 2749 anonymus
625 2701 849 2744 ‹(brnutus
882 2700 1110 2751 Graeveni)
1146 2701 1371 2752 (Rhetores
1404 2701 1572 2754 Graeci,
1606 2702 1668 2743 ed.
1696 2701 1744 2743 L.
1769 2700 1974 2754 Spengel·

476 2861 500 2904 ὓ)
527 2863 702 2897 Similiter
729 2864 772 2898 nd
801 2865 1000 2899 adversarii
1029 2866 1193 2901 convicia
1219 2867 1378 2911 delegat,
1407 2866 1470 2910 qui
1489 2866 1628 2912 Lysiae
1647 2866 1848 2901 orationem
1866 2864 1974 2899 30am

361 2908 496 2950 habuit,
525 2909 559 2943 in
587 2912 606 2951 ξ
625 2908 660 2944 ’ῖ;
695 2910 777 2944 ἴσως
804 2909 841 2941 δὲ
861 2940 866 2946 .
889 2939 894 2945 .
916 2940 921 2946 ,
948 2910 1007 2953 ἐμὲ
1033 2911 1227 2955 διαβάλλειν
1258 2911 1463 2957 πειράσεται,
1498 2914 1571 2945 τότε
1603 2910 1641 2945 δὲ
1672 2911 1750 2954 περὶ
1782 2915 1852 2945 τῶν
1877 2911 1974 2954 ἐμῶν

360 2954 466 2994 rol-113·
491 2955 769 3011 .-ιίη111’·εἰ“ν”(1ξ1(ῦ
798 2957 894 3002 ὑμᾶς,
922 2958 1049 2991 ὁπόταν
1074 2958 1256 3002 ἀπολογίας
1291 2959 1366 3002 ἐμοὶ
1393 2959 1556 3003 δοθείσης
1580 2958 1630 3003 μὴ
1657 2958 1817 3002 δύνωμαι
1843 2958 1973 3002 ψευδό-

357 3013 459 3040 ΙΙῙἈὌΥ
484 3014 586 3033 (II'YOV
610 3014 787 3045 lssflJJ'CssI,
