2077 3430
1021 335 1315 376 -16-

357 457 572 507 ἀλιτήριος,
607 454 802 505 ῥόπτρων,
836 453 1026 504 ηοινικίς,
1061 453 1221 505 χέρνιψ,
1253 454 1535 505 χερνίπτομαι,
1567 456 1712 494 tamen
1743 451 1974 494 multitudo

358 515 502 554 horum
546 513 658 558 ἅπαξ
698 512 938 563 λεγομένων
980 515 1104 552 tanta
1148 515 1224 562 est,
1267 515 1316 552 ut
1357 510 1425 552 vel
1469 522 1561 552 eam
1594 511 1646 552 ob
1680 523 1852 553 causam
1883 510 1976 553 fere

358 579 549 612 vetemur
581 571 689 611 hanc
723 570 959 610 orationem
992 581 1068 621 pro
1100 569 1287 622 genuina
1319 570 1485 610 ducere.

473 640 653 682 Aveedit
705 652 807 680 vero
857 639 1060 680 eiusmodi
1109 643 1420 693 argumentum,
1472 643 1521 681 ut
1568 639 1756 681 dubitari
1805 640 1974 682 omnino

356 705 551 751 nequeat,
595 699 695 750 quin
739 698 877 739 oratio
920 698 977 739 sit
1019 698 1186 750 spuria3
1229 698 1447 750 complura
1490 698 1600 739 enim
1632 699 1778 751 verba,
1821 698 1975 750 quibus

355 758 561 799 orationis
593 763 742 798 sextae
775 761 926 798 auctor
958 757 1106 809 utitur,
1139 757 1182 798 in
1206 757 1362 798 ceteris
1384 757 1651 799 orationibus
1673 757 1870 811 Lysiacis
1891 770 1976 799 non

355 818 475 857 modo
522 829 603 857 non
652 816 848 867 inveniri,
895 816 969 856 sed
1017 816 1069 857 de
1116 815 1330 857 industria
1375 828 1458 857 non
1507 816 1706 868 usurpari
1748 817 1975 858 ostendere

355 888 585 927 possumus.

472 947 554 987 Pro
603 945 811 986 vocabulo
859 946 1068 997 καθάπερ,
1117 946 1228 997 quod
1270 945 1336 987 bis
1380 949 1525 987 exstat
1566 945 1610 986 in
1652 945 1847 988 oratione
1889 946 1974 999 VI.,

353 1005 507 1057 Lysia>-
553 1017 719 1056 senlper
761 1004 867 1045 dicit
909 1005 1065 1057 ὥσπερ,
1110 1016 1187 1056 pro
1229 1005 1492 1045 κακοπαθεῖν
1535 1004 1636 1058 §28
1679 1004 1785 1046 dicit
1826 1008 1974 1050 κακῶς

351 1065 524 1117 πάσχειν
556 1063 645 1104 XII
668 1063 735 1115 35,
780 1064 886 1104 XIV
910 1063 947 1116 2,
990 1063 1096 1104 XVI
1119 1063 1156 1116 8,
1199 1063 1286 1104 ΧΧ
1308 1063 1376 1116 32,
1417 1063 1550 1105 XXX
1572 1062 1629 1105 30
1662 1063 1787 1115 alibi3
1826 1063 1870 1105 in
1901 1063 1973 1117 §3

352 1122 590 1164 invenimus
633 1122 843 1175 λεχθέντα,
887 1126 933 1163 at
970 1122 1126 1174 Lysias
1167 1134 1306 1174 neque
1347 1122 1622 1174 participium
1664 1134 1803 1174 neque
1845 1122 1975 1164 aliam

352 1182 528 1222 formam
563 1181 714 1222 aoristi
747 1181 909 1232 passivi
942 1181 1120 1234 ἐλέχθην
1152 1193 1329 1232 usquam
1363 1181 1552 1234 adhibet,
1584 1181 1658 1222 sed
1681 1182 1875 1234 εἰρημένα
1904 1181 1974 1223 vel

352 1240 437 1281 alia
480 1242 616 1280 forma
658 1239 877 1292 participii
919 1240 1104 1291 perfecti
1146 1240 1287 1281 decies
1329 1240 1489 1292 septies
1533 1240 1683 1282 utitur.
1745 1241 1829 1282 Pro
1868 1252 1974 1282 voce

350 1300 475 1343 τόπος
508 1298 724 1340 orationes
756 1299 968 1351 Lysiacae
1001 1298 1134 1340 octies
1162 1300 1373 1351 praebent
1394 1301 1528 1352 χώρα,
1561 1299 1694 1341 vicies
1717 1299 1783 1341 bis
1804 1300 1974 1353 χωρίον,

351 1370 426 1409 pro
457 1358 550 1409 περὶ
582 1358 796 1402 ἐλάττονος
827 1358 1017 1398 τίθεσθαι
1049 1357 1205 1410 Lysias
1247 1358 1354 1399 dicit
1394 1359 1489 1411 περὶ
1520 1359 1735 1404 ἐλάττονος
1765 1359 1974 1399 ποιεῖσθαι

355 1418 368 1457 1
394 1416 460 1468 26,
493 1417 558 1457 IX
585 1416 648 1468 16,
681 1417 723 1457 Χ
749 1417 813 1469 11,
846 1417 1025 1458 XXXII
1051 1417 1102 1457 17
1137 1420 1213 1458 aut
1244 1418 1337 1470 περὶ
1370 1417 1584 1463 ἐλάττονος
1616 1418 1805 1471 ἡγεῖσθαι
1838 1417 1882 1459 Π
1906 1417 1973 1470 71,

351 1475 503 1526 quibus
537 1476 669 1516 isdem
702 1475 846 1517 verbis
878 1475 1018 1517 utitur
1049 1476 1093 1516 in
1126 1476 1413 1518 locutionibus
1446 1476 1656 1518 similibus
1677 1477 1771 1529 περὶ
1800 1476 1974 1522 οὐδενὸς

350 1535 538 1587 ἡγεῖσθαι
571 1534 654 1575 VII
678 1534 745 1577 26.
787 1535 878 1576 ΧΠ
902 1535 938 1586 7,
980 1535 1075 1587 περὶ
1111 1535 1268 1576 πολλοῦ
1300 1536 1510 1576 ποιεῖσθαι
1542 1536 1563 1577 Ι
1589 1536 1624 1588 1,
1657 1536 1700 1577 II
1724 1535 1791 1588 67,
1816 1535 1882 1587 75,
1906 1535 1974 1588 76,

350 1594 410 1634 IV
434 1593 471 1645 8,
504 1594 589 1634 VII
612 1593 678 1646 25,
703 1594 769 1645 26,
802 1594 892 1635 ΧΙΙ
916 1594 953 1646 7,
985 1594 1095 1635 ΧΧΙ
1119 1595 1156 1646 6,
1181 1594 1247 1646 25,
1280 1595 1439 1636 XXIII
1461 1595 1500 1647 5,
1522 1595 1701 1636 XXXII
1725 1594 1761 1636 2.
1814 1595 1899 1636 Pro
1922 1595 1973 1635 οὖ

351 1653 566 1705 δήπουθεν
599 1652 700 1705 ξ36
744 1652 912 1694 invenis
954 1654 1005 1693 οὗ
1040 1653 1177 1706 δήπου
1211 1653 1296 1695 VII
1321 1653 1387 1706 26,
1430 1654 1480 1693 οὗ
1514 1654 1592 1706 γὰρ
1626 1654 1763 1707 δήπου
1798 1653 1883 1695 VII
1906 1652 1973 1706 23,

348 1711 390 1752 X
415 1714 451 1762 8,
493 1711 606 1752 XIII
633 1711 697 1763 18,
730 1712 797 1764 51,
831 1712 898 1764 87,
940 1712 1047 1753 XIV
1070 1712 1137 1764 36,
1180 1712 1332 1754 XXIV
1356 1712 1421 1766 13,
1464 1713 1514 1753 οὐ
1557 1713 1635 1765 γὰρ
1679 1713 1729 1766 ὁή
1771 1728 1855 1753 που
1899 1712 1975 1763 (sic

352 1770 536 1822 Holmes,
575 1770 800 1811 Thalheim
833 1783 1001 1823 semper
1032 1771 1207 1823 scripsit
1239 1772 1390 1825 δήπου)
1424 1772 1486 1813 IV
1511 1771 1575 1824 15,
1609 1772 1687 1819 (XI
1710 1771 1762 1824 4),
1794 1771 1884 1813 XII
1906 1771 1974 1823 27,

349 1829 503 1870 XXXI
528 1829 593 1870 28.
656 1830 747 1870 Iam
780 1830 827 1871 F.
849 1830 1041 1871 Nowack
1085 1830 1328 1884 (Leipziger
1359 1830 1540 1873 Studien
1571 1831 1661 1872 XII
1696 1830 1808 1871 1899
1841 1843 1879 1882 p.
1902 1830 1971 1876 57)

349 1888 497 1929 miram
542 1900 633 1929 esse
676 1888 787 1929 dixit
819 1901 894 1930 suo
926 1889 1020 1930 iure
1052 1890 1280 1931 verborum
1314 1890 1654 1931 coniunctionem
1686 1890 1848 1943 ἀσεβεῖν
1878 1890 1976 1942 περί

349 1947 651 2000 V14‚11,17,
684 1948 790 1990 XIV
813 1947 890 1989 42:
936 1948 1118 2001 „Lysias
1160 1949 1321 2002 ἀσεβεῖν
1364 1949 1560 1990 absolute
1594 1948 1699 1990 dicit
1740 1948 1873 1990 XXX
1897 1948 1972 1990 17:

349 2007 489 2059 ἀσεβῶ
531 2007 752 2047 καταλύων
794 2007 866 2052 τὰς
897 2008 1048 2053 θυσίας
1091 2011 1135 2049 et
1166 2007 1202 2049 si
1241 2007 1410 2059 quidem
1447 2008 1527 2050 hoc
1559 2007 1662 2049 licet
1694 2007 1888 2049 conicere
1920 2019 1973 2049 ex

349 2078 399 2106 ea
442 2065 620 2118 ratione,
665 2078 748 2117 qua
790 2066 1000 2108 similibus
1042 2067 1188 2108 verbis
1230 2067 1380 2119 utitur,
1423 2079 1517 2108 eum
1548 2079 1632 2108 non
1663 2068 1768 2120 περί,
1810 2067 1885 2108 sed
1917 2067 1972 2112 εἰς

349 2124 644 2175 adpositurum
692 2125 825 2166 fuisse
868 2125 1092 2177 probabile
1135 2130 1211 2167 est.
1284 2126 1451 2168 Similia
1499 2130 1641 2167 autem
1692 2126 1825 2168 verba
1871 2129 1972 2167 sunt

348 2184 654 2236 ἐξαμαρτάνειν,
687 2185 881 2237 ὑβρίζειν,
915 2187 1215 2238 παρανομεῖνίι.

468 2254 713 2296 Clarissime
744 2259 926 2307 apparet
958 2268 1027 2297 res
1060 2256 1380 2309 contemplanti,
1412 2268 1497 2308 qua
1528 2256 1697 2297 ratione
1729 2268 1813 2297 vox
1850 2256 1971 2296 ἕνεκα

349 2312 390 2353 in
438 2313 519 2354 hac
566 2314 760 2355 oratione
812 2314 870 2355 sit
921 2318 1150 2367 usurpata,
1202 2315 1442 2357 invenimus
1490 2327 1583 2356 eam
1629 2316 1789 2368 novies,
1842 2318 1973 2366 atque

351 2372 616 2425 vocabulum,
650 2385 827 2424 quocum
861 2373 1066 2427 iungitur,
1099 2374 1321 2426 praecedit
1352 2374 1533 2426 septies:
1567 2373 1638 2427 §5
1671 2375 1791 2415 ἕνεκα
1823 2374 1972 2427 ταύτης

347 2435 418 2484 τῆς
459 2432 615 2484 ἑορτῆς,
659 2432 682 2485 ἓ
705 2432 760 2472 39
803 2434 924 2473 ἕνεκά
958 2449 1002 2485 γε
1033 2434 1181 2474 τούτου
1206 2465 1212 2472 .
1237 2467 1244 2474 .
1268 2467 1276 2474 .
1299 2434 1418 2474 ἕνεκα
1452 2433 1545 2478 ἑνὸς
1577 2433 1734 2485 ἀνδρὸς
1757 2467 1764 2475 .
1788 2467 1796 2474 .
1820 2464 1827 2473 .
1851 2433 1970 2473 ἕνεκα

348 2490 485 2543 ἡμῶν,
518 2490 541 2543 ἓ
564 2490 617 2530 41
652 2492 772 2531 ἕνεκα
805 2495 890 2532 τῶν
922 2492 1041 2532 ἰδίων
1069 2493 1383 2546 ἁμαρτημάτων
1405 2528 1412 2534 .
1437 2526 1444 2533 .
1467 2525 1474 2533 .
1498 2493 1617 2532 ἕνεκα
1646 2496 1730 2533 τῶν
1753 2492 1971 2546 δημοσίων

348 2553 599 2602 συμφορῶν,
644 2550 744 2603 §49
788 2551 908 2591 ἕνεκα
941 2556 1012 2604 τῆς
1048 2552 1269 2604 μετοικίας,
1312 2551 1378 2593 biS
1410 2554 1578 2592 tantum
1611 2551 1825 2603 sequitur:
1869 2550 1970 2603 §54

347 2611 431 2648 τῶν
463 2608 712 2661 ἀνθρώπων
745 2610 878 2656 ἕνεκα,
904 2643 911 2650 .
935 2644 942 2651 .
967 2644 974 2651 .
997 2614 1081 2650 τῶν
1114 2611 1158 2651 δὲ
1189 2611 1306 2651 θεῶν
1335 2611 1466 2652 ἕνεκα.
1530 2610 1691 2663 Quodsi
1714 2609 1969 2662 quaerimus,

349 2667 555 2717 quomodo
588 2667 744 2719 Lysias
787 2668 829 2709 in
873 2669 1071 2721 genuinis
1114 2669 1381 2711 orationibus
1423 2669 1504 2711 hac
1546 2669 1864 2722 praepositione
1905 2668 1971 2709 uti

348 2725 497 2776 soleat,
521 2739 611 2767 eam
635 2727 702 2767 bis
725 2728 1013 2780 antepositam
1036 2728 1250 2770 videmus:
1273 2729 1334 2770 IV
1352 2728 1378 2768 9
1401 2729 1520 2769 ἕνεκα
1542 2729 1705 2782 πόρνης
1722 2728 1970 2780 ἀνθρώπου,

349 2785 498 2826 XXIV
522 2785 546 2825 2
581 2787 701 2826 ἕνεκα
733 2788 975 2840 χρημάτων,
1015 2787 1298 2839 postpositam
1331 2790 1474 2829 autem
1507 2786 1766 2840 quadragies
1798 2786 1970 2838 septies

466 2855 632 2897 Deinde
676 2857 801 2898 huius
847 2858 1135 2899 accusationis
1177 2863 1328 2900 auctor
1369 2858 1509 2900 utitur
1555 2858 1687 2900 verbo
1735 2857 1969 2910 composito

348 2915 528 2954 κατελεῶ
561 2916 584 2968 ξ
611 2916 645 2967 1,
677 2916 833 2968 Lysias
856 2920 999 2958 autem
1027 2929 1195 2969 semper
1217 2917 1394 2959 adhibet
1422 2917 1599 2958 verbum
1621 2917 1802 2969 simplex
1835 2916 1969 2968 (quin-

349 2972 469 3023 quies
502 2978 545 3014 et
577 2974 759 3026 tricies);
793 2975 834 3016 in
868 2976 969 3029 §47
1003 2976 1184 3029 legimus
1215 2977 1486 3027 καταθάπτω,
1529 2975 1709 3029 Simplex
1742 2977 1892 3017 θάπτω
1926 2975 1969 3016 in
