2077 3430
64 487 180 555 stum
212 485 315 557 sitf)
369 486 485 539 Quas
527 500 608 529 non
641 501 766 530 veras
808 491 1058 543 κατηγορίας
1097 502 1199 542 esse,
1242 491 1316 532 sed
1359 490 1555 544 διαβολὰς
1596 491 1679 538 ἔξω

64 559 138 609 ‘cov
171 559 419 597 πραγματος
457 548 819 600 κατηγορηθείσας
852 560 903 589 ex
935 548 1064 601 §137
1109 552 1300 601 apparet,
1343 549 1385 590 id
1419 549 1529 600 quod
1562 553 1679 590 recte

65 603 272 668 dixerunt
304 603 354 645 G.
377 605 481 646 Zutt
514 607 566 657 (p.
590 605 627 657 7)
662 609 707 647 et
738 606 805 648 W.
828 607 988 648 Weber
1020 608 1070 659 (p.
1094 607 1174 657 31).

187 661 402 714 Deinceps
436 664 548 714 quod
568 664 710 705 Bruns
742 668 888 706 censet
921 668 971 717 (p.
995 665 1105 717 521),
1138 678 1262 717 (1116111
1294 665 1552 707 sententiam
1574 669 1680 707 tam-

67 731 198 786 (1116111
241 732 361 786 suam
402 721 570 774 profert
601 722 762 764 Weber
793 726 846 775 (p.
864 723 945 776 44),
987 724 1146 776 optime
1187 736 1262 765 nos
1304 724 1566 777 intellegere,
1610 735 1684 765 cur

68 791 114 819 1n
145 782 367 821 invectiva
397 792 536 832 neque
568 781 620 822 de
652 782 834 835 ἷκετηρίᾳ
864 794 1003 834 116(1116
1035 783 1086 824 (16
1117 785 1241 834 patre
1273 782 1524 824 denuntiato
1547 794 1682 824 sermo

68 837 158 889 fiat,
206 838 407 889 quoniam
452 842 681 891 utrumque
728 840 885 882 crimen
926 841 1168 882 Andocides
1209 841 1273 882 ita
1314 840 1594 893 redarguerit,
1635 843 1684 881 ut

68 899 222 938 auctor
252 896 390 938 libelli
423 898 549 939 eain
580 898 801 940 invectiva
843 903 1039 951 repetere
1080 911 1163 941 non
1206 900 1395 951 auderet,
1436 899 1516 940 hoc
1558 911 1682 951 argu-

68 958 260 997 mentum
281 956 327 997 vi
359 968 507 998 carere
538 960 653 1009 puto,
686 958 798 1009 quod
819 958 1061 999 Andocides
1094 959 1241 999 eadem
1262 957 1332 999 vel
1364 957 1494 999 etiam
1525 958 1685 998 maiore

70 1027 175 1056 cura
218 1017 262 1056 et
300 1014 597 1068 indignatione
638 1015 745 1057 illud
783 1016 941 1058 crimen
982 1016 1206 1069 refutavit,
1247 1016 1296 1069 §g
1319 1015 1385 1069 50,
1418 1015 1485 1068 51,
1517 1015 1584 1068 53,
1617 1015 1684 1067 58,

70 1073 139 1127 59,
172 1073 240 1126 66,
279 1075 392 1125 quod
422 1074 683 1127 propinquos
726 1078 769 1116 et
810 1075 1073 1116 necessarios
1115 1074 1436 1116 denuntiavisse
1479 1077 1522 1116 et
1562 1086 1685 1115 neca-

70 1132 187 1174 visse
235 1132 470 1186 dicebatur,
517 1133 651 1175 nihilo
693 1145 795 1175 vero
843 1134 979 1175 minus
1027 1133 1133 1174 dicit
1179 1133 1249 1174 hic
1290 1136 1515 1174 accusator
1556 1131 1685 1185 §24z

70 1191 211 1244 ἐπειδὴ
247 1191 292 1232 δὲ
325 1192 569 1237 ἀπεκτονὼς
601 1191 651 1245 ἧν
684 1193 757 1237 οὕς
780 1194 860 1246 ἑῖρη
883 1193 976 1245 περὶ
997 1193 1185 1233 πλείστου
1207 1192 1426 1244 ποιεῖσθαι,
1458 1191 1581 1245 §232
1613 1191 1682 1231 καὶ

68 1251 254 1304 ἐμήνυσε
287 1251 509 1303 δεδεμένος
540 1250 644 1291 κατὰ
677 1255 760 1291 τῶν
793 1252 920 1291 αὑτοῦ
953 1255 1167 1303 συγγενῶν
1198 1251 1268 1291 καὶ
1299 1251 1444 1303 φίλων.

190 1309 306 1350 Exin
337 1310 602 1363 argumentis
633 1309 848 1351 nonnullis
881 1322 933 1351 ex
965 1309 1160 1351 oratione
1181 1309 1275 1361 ipsa
1297 1308 1558 1361 depromptis
1590 1319 1682 1349 sen-

72 1368 258 1410 tentiam
289 1381 408 1410 suam
440 1368 585 1410 fulciri
616 1372 773 1420 putant
795 1369 955 1410 Weber
987 1370 1038 1420 (p.
1061 1368 1128 1415 31)
1163 1372 1207 1409 et
1229 1367 1461 1409 Schneider
1493 1369 1545 1419 (p.
1568 1366 1688 1417 367);

71 1440 156 1469 non
191 1427 276 1468 dici
307 1439 432 1479 posse
454 1427 724 1469 arbitrantur
745 1427 789 1468 in
810 1439 915 1468 vera
938 1427 1221 1478 accusatione,
1255 1438 1364 1477 quae
1385 1430 1484 1467 sunt
1505 1425 1549 1466 in
1571 1425 1593 1478 ξ
1612 1423 1687 1465 20;

71 1487 226 1534 ἐλπίζω
258 1487 336 1539 μὲν
377 1486 453 1528 οὗν
497 1487 623 1527 αὐτὸν
655 1486 725 1526 καὶ
768 1486 915 1526 δώσειν
949 1486 1079 1538 δίκην,
1111 1486 1350 1538 θαυμάσιον
1392 1485 1436 1525 δὲ
1475 1484 1597 1524 οὐδὲν
1639 1484 1690 1523 ἄν

72 1561 147 1599 μοι
190 1547 360 1598 γένοιτο.
407 1558 501 1587 cum
542 1545 640 1586 inde
685 1548 977 1586 accusatorem
1022 1545 1074 1585 de
1121 1547 1279 1585 eventu
1326 1543 1417 1584 litis
1462 1543 1690 1594 desperare

74 1604 351 1646 manifestum
384 1604 453 1646 sit.
513 1605 658 1655 Atque
689 1604 815 1645 Blass
848 1615 1014 1654 quoque
1047 1602 1154 1644 talia
1195 1603 1239 1643 in
1270 1614 1374 1643 vera
1420 1600 1690 1642 accusatione

74 1663 349 1717 pronuntiari
390 1675 474 1704 non
515 1662 707 1715 potuisse
752 1662 970 1703 confessus
1012 1661 1075 1702 ita
1118 1660 1418 1702 difficultatem
1458 1659 1691 1701 tollendam

77 1726 236 1775 censet,
269 1726 319 1764 ut
349 1722 427 1763 illa
457 1722 592 1764 verba
623 1725 722 1773 post
753 1724 894 1762 actam
924 1720 1048 1762 litem
1076 1720 1241 1761 inserta
1274 1731 1366 1760 esse
1402 1721 1537 1770 putet.
1570 1717 1692 1770 Quod

75 1782 181 1824 mihi
223 1781 319 1823 ideo
358 1793 509 1833 parum
540 1781 759 1832 probatur,
802 1779 913 1831 quod
956 1779 1064 1820 haec
1094 1778 1228 1820 verba
1270 1777 1490 1830 aptissime
1533 1787 1693 1817 conexa

76 1844 179 1883 sunt
211 1853 306 1882 cum
339 1840 412 1893 eis,
445 1852 554 1892 quae
577 1840 852 1881 antecedunt:
886 1839 1001 1890 deus,
1032 1837 1184 1889 inquit,
1215 1835 1477 1878 Andocidem
1500 1833 1693 1885 adduxit,

75 1904 127 1942 ut
157 1901 240 1941 hac
271 1900 316 1941 in
346 1899 426 1941 lite
456 1911 636 1951 poenam
668 1898 802 1949 daret,
835 1900 879 1938 et
901 1909 1010 1948 quae
1038 1898 1290 1947 sequnntur:
1323 1896 1415 1935 οὔτε
1442 1894 1520 1946 γὰρ
1547 1894 1569 1933 ὁ
1591 1893 1693 1937 θεός

76 1964 341 2013 παραχρῆμα
374 1959 551 2005 κολάζει,
587 1957 739 2009 quibus
772 1956 905 1997 adicit
938 1955 1110 2007 copiosa
1136 1955 1270 1996 verba
1302 1954 1353 1994 de
1385 1965 1481 1994 sera
1511 1951 1694 1993 numinis

78 2019 286 2061 vindicta.
345 2018 511 2059 Harum
542 2028 644 2058 vero
677 2015 987 2057 sententiarum
1020 2026 1042 2055 e
1075 2025 1237 2054 conexu
1268 2012 1344 2053 illa
1375 2012 1508 2053 verba
1540 2010 1692 2056 ἐλπίζω

77 2078 409 2132 μὲν-γένοιτο
440 2075 557 2117 1111110
589 2076 711 2116 modo
743 2073 954 2115 removeri
986 2075 1174 2124 possunt.
1236 2071 1390 2122 Itaque
1422 2070 1528 2110 haec
1560 2068 1694 2111 verba

79 2137 145 2179 ita
178 2136 434 2189 explicanda
464 2140 586 2187 puto:
629 2135 774 2185 Actor,
817 2132 889 2184 qui
932 2135 997 2173 est
1040 2131 1238 2172 sacerdos
1281 2142 1333 2171 ex
1374 2128 1534 2169 illustri
1566 2130 1694 2180 gente

79 2195 435 2248 Eumolpidarum
475 2197 604 2235 natus
637 2195 734 2244 (qua
776 2193 827 2233 de
868 2203 915 2232 re
954 2189 1070 2231 infra
1100 2202 1138 2241 p.
1161 2188 1216 2229 40
1239 2201 1299 2239 sq.
1331 2187 1503 2229 uberius
1542 2188 1691 2238 agam),

80 2254 314 2308 praecipue
344 2254 390 2295 id
423 2253 526 2306 agit,
564 2256 613 2293 ut
645 2250 906 2293 Andocidem
943 2249 987 2290 in
1019 2260 1224 2289 summum
1255 2248 1428 2288 deorum
1460 2244 1600 2286 odium
1631 2244 1694 2284 in-

83 2314 241 2356 cidisse
280 2316 325 2355 et
355 2316 453 2365 post
484 2311 680 2353 facinora
722 2321 830 2351 anno
873 2308 957 2349 415
991 2306 1212 2348 commissa
1242 2305 1378 2347 vitam
1418 2303 1697 2345 miserrimam

83 2373 226 2427 egisse
259 2373 461 2414 ostendat
493 2371 542 2424 ἓξ
565 2368 750 2410 21—33.
802 2367 938 2420 Quam
965 2365 1226 2407 narrationis
1247 2367 1414 2416 partem
1435 2362 1697 2415 praecedunt

85 2432 210 2484 quasi
243 2431 409 2473 exordii
440 2430 532 2471 loco
566 2441 704 2482 pauca
735 2426 996 2481 generaliter
1027 2425 1079 2466 de
1099 2423 1294 2465 vindicta
1325 2423 1498 2463 deorum
1528 2419 1698 2472 prolata

83 2491 188 2546 §20
230 2491 330 2532 inde
373 2502 398 2531 a
429 2489 576 2531 verbis
619 2489 711 2528 οὔτε
754 2486 832 2539 γὰρ
871 2486 894 2525 ὁ
927 2484 1020 2528 ὂεὸς
1052 2483 1134 2524 κτλ.
1196 2483 1339 2533 Atque
1380 2483 1429 2521 ut
1470 2478 1698 2521 transitum

84 2550 281 2593 efficeret
304 2550 359 2591 ad
379 2549 460 2590 hoc
483 2547 763 2597 enuntiatum,
795 2543 976 2585 inseruit
998 2544 1144 2583 orator
1165 2540 1241 2582 illa
1263 2540 1414 2587 ἐλπίζω
1437 2572 1471 2580 ..
1490 2572 1498 2579 .
1521 2539 1693 2590 γένοιτο,

86 2622 198 2662 (11166
230 2608 402 2650 minime
434 2607 499 2648 ita
537 2609 637 2648 sunt
669 2603 932 2656 explicanda,
965 2604 1013 2642 ut
1044 2600 1197 2642 timeat
1229 2601 1384 2649 orator,
1425 2609 1478 2638 ne
1518 2608 1586 2637 res
1618 2594 1700 2636 sibi

86 2680 293 2722 prospere
333 2679 418 2709 non
460 2666 598 2717 cedat,
640 2664 684 2705 id
727 2663 839 2714 quod
879 2661 1016 2712 liquet
1058 2672 1111 2700 ex
1141 2657 1286 2700 verbis
1318 2656 1441 2710 §34z
1483 2655 1568 2695 ἀλλ’
1612 2655 1698 2706 ἅμα

86 2727 428 2781 ἐξελεγχθήσεταί
455 2741 496 2766 τε
528 2725 599 2765 καὶ
631 2724 755 2764 δώσει
788 2722 918 2773 δίκην.
970 2718 1107 2760 Multo
1129 2729 1230 2759 vero
1256 2716 1393 2757 minus
1415 2714 1463 2766 iS,
1497 2713 1567 2765 qui
1589 2712 1701 2753 Sicut

88 2788 137 2829 V.
161 2786 398 2829 Schneider
440 2786 490 2836 (p.
515 2783 612 2833 370)
656 2781 891 2823 orationem
929 2790 955 2819 a
993 2778 1166 2818 rhetore
1210 2772 1531 2816 exercitationis
1573 2782 1702 2812 causa

209 2940 234 2984 4)
260 2941 398 2975 Tamen
431 2939 486 2973 ita
519 2937 591 2972 viri
625 2935 722 2970 docti
756 2932 990 2971 dissentiunt,
1029 2934 1071 2964 ut
1104 2928 1294 2963 Francken
1331 2926 1531 2961 orationem
1565 2923 1702 2958 rhetori

88 2988 287 3033 posteriori
312 2987 466 3028 tribuat,
495 2986 613 3020 Bruns
641 2993 718 3017 eam
745 2981 788 3015 ab
815 2978 1012 3014 Andocidis
1047 2975 1254 3012 adversario
1281 2974 1435 3017 quodam
1461 2971 1703 3015 conscriptam

90 3047 168 3071 esse
198 3038 356 3070 censeat.

1450 3077 1497 3111 3*

587 3145 601 3167 ν
