2077 3430
1018 333 1312 374 „32-

359 462 391 501 si
442 459 532 501 usui
581 470 671 497 esse
715 455 751 496 ei
800 453 1042 504 videbatur,
1090 450 1286 492 reiceret.
1362 449 1473 491 Eum
1518 460 1603 490 non
1648 448 1980 500 unumquodque

359 517 625 572 opprobrium
660 513 911 567 propulsare
943 510 1146 564 potuisse,
1179 508 1249 551 vel
1281 508 1376 549 ideo
1401 510 1732 549 consentaneum
1756 509 1833 560 est,
1865 507 1980 559 quod

359 578 506 626 onmia,
540 586 647 626 quae
680 573 760 614 hac
782 572 824 612 in
847 571 925 612 lite
947 575 1036 612 tres
1059 571 1334 610 accusatores
1357 566 1569 618 dixerant,
1600 565 1806 607 memoria
1826 568 1977 608 tenere

360 637 428 677 vix
464 633 612 686 potuit,
646 635 847 673 accurate
878 641 980 671 vero
1013 628 1056 669 in
1089 627 1258 668 illorum
1291 625 1509 667 orationes
1541 623 1787 676 inquirendi
1809 627 1978 677 tempus

359 696 394 735 ei
439 706 518 734 non
552 691 691 741 e1·at.³)
755 689 896 730 Aliam
930 699 1113 738 causam,
1156 697 1288 737 quare
1332 696 1476 726 omnes
1508 685 1592 731 ἔξω
1624 687 1698 724 τοῦ
1729 683 1979 737 πράγματος

359 752 552 804 ὸηιβωλιὶς
584 749 775 790 refutare
807 747 880 788 vix
913 758 935 788 e
967 759 1013 787 re
1046 748 1171 797 esset,
1204 743 1448 797 Hyperides
1481 742 1599 794 (ὑπὲρ
1621 742 1908 796 Λυκόφρονος
1939 741 1978 795 9,

361 811 461 862 ὑπὲρ
484 809 747 855 litigaverunt*
780 806 848 857 31)
893 817 983 846 eam
1027 815 1119 845 esse
1162 802 1284 855 dixit,
1327 802 1440 854 quod
1483 801 1537 842 ad
1579 800 1750 854 singula
1788 802 1872 848 ἔξω
1904 804 1978 842 τοῦ

357 871 600 921 πράγματος
622 865 962 919 κατηγορηθέντα
987 862 1281 915 respondendo
1304 861 1367 902 rei
1390 861 1505 902 haud
1527 871 1626 901 raro
1650 862 1781 912 caput
1803 871 1978 902 accusa-

360 928 487 969 tionis
519 925 806 978 neglegebant
839 927 883 965 et
914 922 1127 964 iudicibus
1160 920 1364 973 ambages
1395 930 1576 961 narrare
1607 918 1880 960 videbantur.

476 986 553 1027 His
576 983 819 1036 praemissis
842 981 1130 1023 examinemus
1152 991 1264 1021 1111116
1285 978 1457 1032 singula
1479 977 1670 1030 crimina,
1703 989 1813 1029 quae
1835 977 1978 1019 Ando-

359 1046 472 1086 cides·
505 1043 674 1085 silentio
707 1041 939 1094 praeterit3
972 1043 1072 1081 sunt
1104 1039 1232 1080 haec:

478 1104 511 1144 1.
544 1101 802 1143 Andocidem
837 1112 862 1141 a
894 1097 1190 1141 sacerdotibus
1234 1109 1327 1138 esse
1370 1097 1583 1149 devotum,
1625 1094 1664 1137 2.
1707 1099 1846 1137 totum
1887 1094 1980 1137 fere

358 1175 432 1215 per
454 1173 606 1203 annum
631 1172 723 1201 eum
746 1159 789 1200 111
813 1158 1007 1200 custodia
1029 1159 1247 1198 servatum
1271 1167 1375 1208 esse,
1398 1155 1436 1196 3.
1459 1166 1584 1196 servo
1602 1154 1740 1196 vitam
1758 1153 1979 1207 ademisse,

357 1235 409 1262 ne
451 1219 723 1261 denuntiaret
765 1219 817 1259 de
848 1216 1066 1269 mysteriis
1098 1215 1285 1267 violatis,
1329 1216 1367 1256 4.
1400 1213 1582 1266 patriae,
1616 1225 1709 1255 cum
1741 1212 1786 1254 in
1817 1224 1978 1254 summo

359 1279 544 1332 periculo
577 1282 836 1329 versaretur,
875 1277 1088 1317 frumento
1121 1274 1390 1326 apportando
1423 1272 1631 1314 auxilium
1673 1271 1789 1314 ferre
1831 1283 1980 1314 ausum

358 1352 438 1380 non
472 1350 575 1389 esse,
607 1337 644 1378 5.
678 1336 806 1389 Cypri
839 1339 883 1376 et
915 1347 940 1376 a
973 1333 1222 1376 Citiensium
1245 1345 1347 1385 rege
1370 1335 1415 1374 et
1437 1332 1490 1373 ab
1513 1331 1718 1385 Euagora
1740 1331 1784 1372 in
1805 1330 1981 1373 vincula

359 1397 594 1438 coniectum
628 1408 731 1437 esse.

476 1455 660 1496 Primum
695 1453 835 1495 onmia
867 1453 974 1494 haec
1006 1450 1237 1504 opprobria
1269 1451 1322 1492 ad
1355 1462 1444 1491 rem
1472 1449 1609 1502 ipsam
1632 1448 1740 1490 nihil
1762 1448 1981 1501 pertinere

359 1519 597 1556 statuamus
640 1525 813 1554 necesse
856 1516 934 1564 est,
977 1511 1130 1552 deinde
1163 1510 1205 1551 in
1237 1509 1410 1551 flumine
1442 1508 1566 1560 quasi
1598 1507 1808 1550 orationis
1840 1507 1982 1549 obiter

359 1574 474 1614 dicta
516 1576 625 1623 sunt,
667 1584 749 1613 uno
792 1575 982 1623 excepto,
1029 1570 1139 1621 quod
1172 1568 1320 1610 statim
1353 1568 1397 1609 in
1430 1579 1608 1609 examen
1640 1567 1816 1609 vocabo.
1878 1566 1978 1620 §51

359 1638 583 1673 accusator
614 1631 787 1672 uberius
818 1634 970 1672 narrat
1001 1628 1264 1670 Andocidem
1297 1631 1476 1680 propter
1506 1626 1716 1680 mysteria
1746 1625 1914 1668 violata
1935 1630 1980 1667 et

360 1692 539 1732 Hermas=
583 1690 797 1741 praecisos
839 1689 1085 1730 sacerdotes
1130 1691 1377 1729 exsecratos
1410 1698 1524 1738 esse3
1559 1686 1670 1737 quod
1703 1684 1863 1726 crimen
1894 1684 1981 1726 iam

359 1749 544 1791 ι8111116111
578 1761 723 1790 verum
746 1760 829 1789 non
851 1748 1083 1789 videbatur
1115 1750 1165 1799 (p.
1190 1746 1271 1798 71),
1304 1757 1398 1787 611111
1419 1744 1676 1798 Andocides,
1712 1743 1775 1797 „si
1797 1744 1981 1786 devotus

360 1809 522 1859 fuisset,
565 1807 606 1848 111
649 1807 832 1859 patriam
875 1806 1015 1847 redire
1056 1818 1138 1847 non
1172 1816 1301 1846 ausus
1333 1804 1499 1858 fuisset,
1541 1803 1625 1845 nisi
1657 1802 1776 1856 prius
1808 1802 1980 1855 publice

360 1869 472 1908 foret
504 1871 741 1918 revocatus,
784 1869 828 1907 61
860 1866 1106 1907 sacerdotes
1138 1864 1278 1917 iidem,
1311 1863 1383 1915 qui
1417 1875 1511 1905 eum
1545 1861 1834 1914 devovissent,
1879 1864 1981 1903 31116

360 1938 451 1967 611111
495 1925 826 1966 1633613336111“.
894 1924 1086 1976 Accedit,
1129 1924 1241 1975 quod
1279 1922 1526 1975 impunitas,
1569 1933 1679 1973 quae
1724 1920 1762 1962 ei
1805 1920 1982 1962 decreta

359 1990 463 2036 erat,
511 1984 771 2025 Andocidem
819 1984 873 2025 ab
921 1982 1217 2025 exsecratione
1258 1982 1475 2023 tuebatur.
1548 1980 1671 2033 Quod
1719 1979 1879 2021 crimen
1925 1979 1979 2021 ab

360 2043 593 2094 Alcibiade,
636 2055 758 2094 quem
801 2043 1002 2084 devotum
1035 2054 1127 2084 esse
1164 2041 1395 2083 memoriae
1425 2039 1710 2093 prodiderunt
1740 2039 1854 2080 Plut.
1887 2037 1979 2080 Alc.

361 2102 413 2142 32
437 2102 491 2143 33
511 2107 553 2143 et
571 2103 673 2154 Nep.
691 2102 782 2143 Alc.
800 2102 825 2142 4
850 2106 893 2143 61
915 2101 953 2154 6,
976 2101 1019 2142 111
1041 2100 1304 2142 Andocidem
1337 2099 1596 2141 translatum
1620 2110 1713 2140 esse
1735 2097 1980 2150 suspicatus

361 2166 425 2202 631
463 2161 622 2202 Sluiter
665 2171 714 2213 (p.
739 2161 817 2212 71).
881 2160 1001 2213 Quae
1042 2159 1260 2202 sententia
1303 2159 1397 2201 sive
1439 2170 1545 2200 vera
1587 2161 1654 2199 est
1695 2157 1788 2198 sive
1829 2168 1979 2209 prava,

361 2220 712 2271 deprehendimus
744 2220 813 2261 hic
845 2219 998 2261 falsam
1031 2219 1242 2273 διαβολήν,
1276 2230 1386 2270 quae
1417 2217 1529 2259 unde
1561 2219 1658 2258 orta
1689 2215 1748 2257 sit
1777 2215 1885 2257 satis
1907 2227 1979 2257 ex—

361 2279 545 2330 plicatur
576 2291 731 2331 genere
764 2282 808 2320 et
838 2282 995 2320 natura
1027 2277 1247 2330 orationis,
1281 2277 1438 2329 quippe
1460 2288 1570 2328 quae
1593 2275 1651 2317 sit
1673 2274 1904 2327 accusatio,
1935 2273 1981 2315 id

362 2338 470 2388 quod
504 2337 632 2378 etiam
665 2337 899 2379 Schneider
929 2350 967 2389 p.
991 2337 1076 2378 364
1110 2336 1233 2378 dixit.
1295 2336 1363 2377 Ad
1396 2335 1507 2377 hanc
1539 2333 1882 2376 criminationem
1905 2345 1981 2374 cur

362 2398 647 2448 responderet,
689 2396 931 2437 Andocides
972 2408 1055 2437 non
1098 2395 1263 2448 habuit,
1306 2394 1407 2446 quia
1449 2394 1491 2435 in
1531 2394 1612 2435 hac
1643 2393 1676 2435 I.
1709 2392 1904 2435 oratione
1936 2394 1982 2434 et

479 2526 502 2566 ⁴'⁵)
532 2526 635 2560 Haud
670 2526 797 2569 ignoro
832 2526 1014 2560 interdum
1049 2525 1236 2569 accidisse,
1272 2528 1313 2559 ut
1339 2535 1422 2559 reus
1449 2524 1650 2558 orationem
1678 2522 1881 2558 adversarii
1906 2521 1979 2556 iam

363 2577 446 2606 111116
475 2583 603 2606 6311336
638 2573 815 2607 actionem
843 2573 913 2607 sibi
939 2584 1002 2616 per
1035 2573 1155 2607 dolum
1184 2575 1422 2616 compararet.
1474 2571 1586 2605 Cuius
1613 2570 1666 2604 rei
1694 2570 1782 2604 haec
1809 2569 1982 2612 exempla.

363 2619 494 2653 inveni.
547 2620 614 2662 Qui
641 2621 829 2662 Lysiacam
865 2621 1063 2654 orationem
1091 2620 1192 2655 VIII.
1220 2619 1361 2657 habuit,
1397 2618 1524 2653 amicis
1558 2618 1661 2653 falsis
1694 2616 1839 2651 crimini
1866 2615 1980 2651 vertit

362 2667 381 2704 ξ
404 2666 454 2709 ll,
483 2667 575 2710 qnod
595 2667 664 2700 sibi
683 2666 782 2708 λόγον
801 2678 905 2701 suum
925 2667 1129 2708 elicuerint,
1156 2671 1198 2702 ut
1217 2677 1298 2701 eum
1313 2665 1524 2701 adversario
1538 2665 1744 2709 proderent.
1780 2662 1980 2698 Aeschines

367 2712 520 2752 11§1*·›·›
556 2714 590 2747 in
620 2715 896 2749 Demosthenem
930 2714 1129 2757 invehitur,
1165 2714 1258 2757 quod
1291 2711 1392 2755 λόγον
1426 2716 1510 2747 31116
1544 2712 1647 2747 1116111
1682 2710 1885 2756 prodiderit
1919 2709 1980 2744 ad-

366 2761 522 2794 versario
549 2761 636 2802 eius,
670 2772 733 2805 pro
760 2772 828 2804 quo
855 2772 934 2795 eum
963 2761 1256 2805 conscripsisset:
1284 2759 1440 2802 ³329me
1465 2757 1566 2801 λόγον
1587 2757 1764 2800 Φορμίωνι
1791 2761 1840 2799 τῷ
1858 2767 1980 2798 τραπε-

365 2806 433 2846 ζιίῃ
461 2806 619 2848 χρήματα
637 2806 771 2849 λαβών·
799 2811 916 2839 τοῦτον
942 2806 1127 2850 ἐξήνεγκας
1137 2805 1392 2849 Ἀπολλοδώρῳ
1409 2810 1458 2848 τῷ
1475 2804 1555 2847 περὶ
1572 2808 1633 2837 τοῦ
1651 2803 1811 2846 σώματος
1829 2803 1980 2846 κρίνοντι

369 2853 562 2893 Ἰιυι-,ιιιιίιηίι,
616 2855 798 2890 Demosth.
831 2853 917 2896 πρὸς
943 2853 1182 2897 Νικόστρατον
1207 2853 1276 2899 (53)
1302 2853 1323 2898 ξ
1346 2853 1402 2889 14;
1436 2851 1533 2885 ἔπειτ’
1563 2851 1711 2895 ἀγώνων
1735 2863 1795 2893 μοι
1820 2862 1980 2892 συνεστη-

366 2901 477 2930 miron·
509 2899 594 2941 πρὸς
632 2900 766 2940 αὐτούς,
804 2901 881 2937 τούς
915 2914 948 2933 τε
985 2901 1104 2944 λόγους
1138 2900 1280 2944 ἐκφέρει
1317 2913 1386 2943 μου
1417 2913 1452 2936 κ,
1478 2912 1505 2936 τ,
1531 2899 1560 2936 λ,
1610 2903 1734 2935 tamen
1768 2899 1861 2934 talia
1893 2900 1981 2932 sunt

367 2947 560 2997 rarissima,
588 2949 800 3001 utnminime
819 2949 1106 2993 exspectandum
1133 2950 1183 2985 sit
1202 2949 1470 2985 accusationem
1490 2951 1527 2983 et
1545 2947 1790 2983 defensionem
1810 2948 1980 2981 accurate

367 3000 459 3027 inter
486 3006 521 3028 se
548 3006 743 3030 concinere.
