2077 3430
1009 340 1301 381 -34—

351 466 617 520 opprobrium
652 468 800 515 aperte
834 465 876 501 et
920 460 1045 512 plane
1077 470 1160 499 non
1194 456 1436 508 respondet,
1480 459 1623 496 tamen
1655 453 1699 495 id
1732 453 1971 496 convicium

351 524 652 578 qumlammoilo
686 521 810 562 reicit
843 523 887 560 et
919 516 1150 569 hospitium
1183 514 1504 565 amicitiamque
1535 512 1618 554 sibi
1642 524 1736 554 esse
1758 524 1852 554 cum
1873 525 1969 565 per-

351 585 492 626 multis
516 582 686 630 regibus
709 578 1046 628 civitatibusque
1068 579 1112 617 et
1134 586 1290 627 magna
1312 572 1492 625 praedia
1514 571 1644 625 Cypri
1676 583 1723 613 se
1751 571 1970 624 possidere

351 643 564 696 professus
596 640 644 691 Q‘Q·
667 638 705 690 4,
731 638 828 678 145.

467 698 666 739 Consulto
720 708 820 737 vero
868 692 1109 736 Andocides
1156 703 1239 733 non
1286 692 1466 731 revocat
1512 688 1740 730 audientes
1792 689 1847 730 ad
1894 688 1971 730 illa

350 757 582 800 ‹·1111ntiatis
615 754 878 796 secundariis
911 756 956 793 et
985 751 1126 793 obiter
1147 750 1284 791 allata
1315 748 1418 802 §23
1451 747 1592 800 ἐπειδὴ
1627 747 1874 793 ἀπεκτονὼς
1905 747 1971 801 ἧν,

349 820 422 862 οὓς
463 816 586 859 αὐτὸς
627 816 706 867 ἔφη
750 813 844 865 περὶ
884 811 1072 851 πλείστου
1104 809 1314 849 ποιεῖσθαι
1347 810 1391 849 et
1421 804 1524 860 §¹43
1557 806 1712 858 ἑτέρων
1746 806 1813 847 διὰ
1844 809 1971 847 ταῦτα

350 876 654 916 ἀπιοινανόινηοι)
677 872 733 923 (id
756 871 867 923 quod
890 867 1112 911 offensioni
1136 871 1203 909 est
1225 867 1411 908 Webero
1434 878 1473 918 p.
1496 864 1580 917 31),
1609 865 1686 906 sed
1707 864 1815 907 satis
1838 865 1972 907 habet

350 936 640 976 demonstrare
673 943 754 982 eoa
797 942 901 981 quos
934 927 1172 978 detulisset,
1216 925 1381 978 fugisse
1414 932 1459 966 et
1490 935 1689 966 reversos
1721 924 1834 965 bona
1866 923 1971 966 civi-

352 999 568 1043 tatemque
600 1001 876 1041 recuperasse
907 988 941 1037 (I
964 986 1046 1038 53),
1080 997 1150 1027 eos
1184 988 1339 1035 autem,
1373 983 1446 1036 qui
1480 995 1533 1024 ex
1565 982 1722 1024 Teucri
1755 982 1972 1024 delatione
2041 1023 2069 1047 Ι]

351 1049 640 1103 comprehensi
683 1052 727 1090 et
767 1046 976 1099 supplicio
1019 1044 1164 1086 affecti
1208 1046 1363 1096 essent,
1405 1054 1488 1084 non
1531 1053 1607 1083 suo
1639 1041 1749 1083 vitio
1782 1044 1972 1083 mortuos

352 1124 442 1151 esse
476 1110 508 1159 (Ι
532 1110 616 1157 59).

466 1167 586 1209 Alias
608 1169 834 1218 praeterea
855 1176 958 1205 suae
980 1161 1223 1204 sententiae
1247 1160 1563 1202 confirmandae
1594 1158 1787 1201 rationes
1810 1159 1973 1202 Weber

351 1241 386 1279 p.
411 1227 464 1266 28
487 1239 575 1277 sqq.
608 1225 705 1266 inde
737 1223 859 1276 petit,
891 1222 1003 1274 quod
1025 1220 1268 1262 Andocides
1290 1219 1407 1261 haud
1427 1230 1567 1271 pauca
1597 1217 1778 1259 crimina
1810 1217 1972 1260 diserte

352 1285 579 1337 propulset,
621 1295 797 1335 quorum
839 1282 883 1322 in
926 1282 995 1322 Ps.
1027 1279 1216 1332 Lysiaca
1255 1278 1420 1320 nullum
1462 1277 1522 1319 sit
1563 1276 1819 1329 vestigium3
1862 1289 1972 1329 quae

351 1342 663 1396 argumentatio
697 1341 855 1382 idcirco
888 1339 1000 1381 omni
1032 1338 1076 1380 vi
1110 1342 1177 1380 est
1208 1337 1432 1390 destituta,
1475 1335 1578 1388 quia
1609 1335 1855 1378 Andocides
1888 1348 1974 1378 non

351 1406 499 1443 ‹fontra
531 1413 668 1453 unum,
710 1401 782 1442 sed
822 1403 972 1440 contra
1012 1401 1102 1439 tres
1135 1399 1409 1438 accusatores
1452 1407 1496 1437 se
1540 1394 1747 1447 defendit,
1792 1407 1974 1446 quorum

350 1461 527 1512 quisque
560 1464 675 1501 certe
706 1471 789 1500 non
822 1459 970 1499 eadem
1003 1456 1124 1509 dixit,
1168 1468 1278 1507 qnae
1320 1454 1490 1496 sodales
1532 1453 1577 1495 in
1610 1454 1852 1495 accusando
1886 1453 1974 1496 iam

351 1519 618 1572 protulerant
649 1518 718 1559 vel
750 1516 961 1570 prolaturi
995 1519 1135 1567 erant3
1167 1526 1305 1566 neque
1337 1513 1650 1567 neglegendum
1683 1515 1751 1554 est
1784 1513 1866 1554 duo
1902 1513 1974 1554 vel

352 1579 437 1619 tria
469 1578 572 1619 folia
603 1576 810 1618 orationis
842 1575 1070 1627 interiisse,
1103 1586 1212 1625 quae
1244 1572 1353 1614 nihil
1386 1572 1606 1614 continere
1637 1583 1723 1613 non
1753 1574 1969 1624 poterant.

352 1636 509 1689 Quodsi
557 1639 677 1677 actor
723 1634 950 1687 primarius
997 1636 1172 1685 praeter
1224 1637 1355 1685 caput
1401 1630 1692 1673 accusationis
1739 1630 1974 1683 praecipue

351 1699 565 1747 presserat
597 1695 702 1736 illud
733 1693 1034 1747 gravissimum
1068 1692 1227 1733 crimen
1249 1691 1388 1744 patris
1411 1689 1558 1743 delati,
1591 1690 1704 1741 quod
1726 1689 1974 1732 Andocides

350 1754 493 1795 multis
516 1753 658 1795 verbis
680 1753 847 1795 studuit
869 1751 1121 1804 propulsare
1153 1751 1176 1805 ξ
1203 1750 1254 1791 19
1285 1763 1388 1803 sqq.‚
1420 1748 1756 1801 subscriptorem
1778 1748 1974 1790 breviter

351 1813 509 1853 dixisse
549 1813 618 1852 καὶ
660 1813 863 1865 ἐμήνυσεν
906 1811 1130 1863 δεδεμένος
1170 1809 1275 1850 κατὰ
1317 1813 1402 1849 τῶν
1444 1809 1574 1849 αὑτοῦ
1617 1811 1830 1860 σνγγενῶν
1862 1807 1886 1862 ξ
1918 1807 1974 1849 23

352 1871 499 1912 mirum
532 1883 614 1912 non
647 1874 729 1922 est3
772 1870 871 1911 huic
912 1869 1047 1922 igitur
1078 1868 1254 1910 VVeberi
1288 1870 1340 1920 (p.
1367 1867 1435 1920 29)
1480 1869 1733 1920 argumento
1767 1866 1834 1908 vis
1876 1879 1973 1919 per·
2069 1883 2071 1914 ς

351 1930 555 1971 suadendi
578 1929 711 1971 tribui
733 1942 816 1970 non
844 1932 999 1981 potest.
1045 1929 1282 1970 Praeterea
1305 1927 1418 1979 quod
1439 1926 1685 1968 Andocides
1707 1925 1757 1979 ἓξ
1779 1924 1862 1966 110
1879 1937 1974 1978 sqq.
2040 1980 2042 1982 η
2069 1920 2071 1965 f

352 1990 476 2040 plane
518 1988 725 2041 exposuit,
768 2000 878 2040 quae
922 1990 1036 2029 esset
1077 1987 1190 2028 ratio
1233 1986 1349 2028 illius
1381 1985 1580 2039 virgulae
1621 1984 1971 2037 supplicatoriae,

351 2060 475 2098 quam
519 2047 654 2099 ipsum
696 2047 739 2088 in
781 2060 857 2088 ara
899 2046 1146 2098 deposuisse
1188 2045 1429 2087 adversarii
1474 2044 1808 2096 contendissent,
1853 2043 1972 2085 illam

352 2106 687 2147 criminationem
719 2119 802 2147 non
835 2106 887 2147 ab
921 2105 1046 2146 huius
1079 2104 1286 2146 orationis
1309 2104 1382 2146 VI.
1412 2107 1570 2156 actore,
1603 2104 1680 2145 sed
1711 2115 1737 2144 a
1769 2102 1973 2155 Cephisio

353 2165 562 2216 prolatam
604 2178 696 2206 esse
738 2166 792 2206 ad
833 2164 1186 2216 probabilitatem
1228 2164 1442 2216 quandam
1484 2161 1639 2204 adduci
1681 2173 1806 2214 posse
1845 2165 1975 2214 puto;

351 2236 446 2264 nam
478 2224 644 2265 senatui
677 2227 848 2276 praesto
882 2236 975 2265 esse
1006 2223 1166 2264 iussum
1198 2234 1283 2264 una
1315 2234 1458 2264 secum
1485 2221 1730 2273 Cephisium
1762 2220 1806 2262 in
1842 2220 1971 2262 Eleu-

352 2282 458 2322 sinio
492 2283 633 2335 fuisse,
667 2294 758 2324 cnm
791 2282 949 2323 Callias
981 2281 1185 2334 prodiret,
1217 2284 1368 2323 narrat
1396 2280 1640 2322 Andocides
1672 2279 1721 2333 ἓξ
1747 2279 1842 2332 111,
1868 2279 1972 2331 112;

353 2354 376 2381 a
411 2341 545 2382 (¹allia
576 2354 622 2382 se
653 2345 742 2382 tum
775 2346 1021 2382 accusatum
1054 2353 1158 2393 esse,
1201 2341 1313 2392 quod
1356 2352 1519 2381 ramum
1561 2338 1797 2391 supplicem
1841 2339 1972 2391 depo-

352 2399 519 2452 suisset,
561 2401 635 2441 sed
677 2400 889 2452 extemplo
932 2400 1051 2441 illum
1093 2399 1231 2452 ipsum
1278 2399 1321 2440 id
1368 2399 1523 2440 fecisse
1571 2397 1816 2440 convictum
1864 2409 1974 2439 esse.

354 2458 481 2499 l'uius
514 2459 573 2499 rei
607 2459 895 2500 narrationem
928 2472 953 2500 a
985 2458 1195 2511 Cephisio,
1238 2461 1389 2510 utpote
1421 2457 1493 2510 qui
1526 2457 1652 2499 testis
1685 2456 1830 2509 fuerit,
1877 2468 1973 2508 pro-

355 2516 486 2557 latam
519 2530 610 2558 esse
643 2517 733 2559 veri
767 2521 832 2558 est
863 2517 1139 2569 simillimum3
1182 2529 1316 2569 quare
1357 2529 1440 2558 non
1473 2520 1550 2568 est,
1593 2516 1706 2568 quod
1739 2516 1851 2557 hanc
1884 2527 1974 2557 rem

354 2576 407 2615 ab
456 2576 579 2617 huius
627 2576 912 2617 accusationis
960 2580 1131 2618 oratore
1178 2578 1550 2618 commemoratam
1606 2587 1690 2616 non
1738 2586 1831 2616 esse
1879 2586 1972 2616 cum

359 2634 538 2675 Webero
572 2643 622 2686 (p.
652 2636 719 2686 29)
758 2639 801 2676 et
832 2635 881 2676 E.
912 2635 1080 2687 Drerup
1121 2635 1246 2685 (Berl.
1270 2635 1373 2687 phil.
1397 2634 1545 2676 Woch.
1569 2634 1681 2676 XXI
1714 2633 1838 2680 1901,
1872 2632 1970 2685 261)

356 2705 565 2734 miremur.

472 2752 694 2793 Francken
727 2755 777 2804 (p.
801 2752 868 2802 48)
903 2765 1081 2804 eumque
1103 2756 1276 2794 secutus
1309 2753 1341 2794 Ι.
1365 2753 1505 2794 Bruns
1539 2754 1590 2804 (p.
1614 2750 1712 2801 479)
1748 2763 1800 2793 ex
1822 2751 1968 2792 Ando-

357 2810 502 2851 cideae
525 2811 555 2851 I.
588 2809 671 2862 &a
704 2812 754 2851 19
779 2815 822 2852 et
857 2811 938 2852 110
972 2812 1047 2853 illa
1078 2813 1159 2853 duo
1184 2811 1363 2853 crimina
1385 2811 1523 2863 patris
1546 2810 1681 2852 delati
1704 2813 1748 2852 et
1770 2809 1968 2863 virgulae

356 2869 574 2919 depositae
618 2870 749 2910 tuisse
791 2870 923 2921 ipsius
966 2870 1253 2912 accusationis
1297 2870 1442 2922 capita
1485 2869 1760 2920 concludunt,
1809 2871 1970 2910 statum

359 2926 489 2974 igitur
521 2941 673 2969 causae
706 2941 785 2969 non
829 2930 1004 2970 eandem
1045 2942 1137 2971 esse
1181 2929 1223 2970 in
1267 2929 1462 2971 oratione
1484 2929 1556 2970 VI.
1589 2932 1721 2980 atque
1753 2927 1797 2969 in
1829 2927 1981 2969 Ando⁴

358 2985 489 3037 vidi-a,
532 2987 641 3028 uude
680 2987 916 3028 orationem
940 2988 1011 3029 Vl.
1045 2988 1086 3029 in
1119 2988 1276 3029 iudicio
1311 2987 1504 3030 habitam
1546 2999 1630 3029 non
1669 2999 1762 3029 esse
1793 2985 1972 3028 manife-
