2077 3430
991 329 1282 371 -30-

336 455 388 494 U
394 455 503 495 ebor
538 453 566 493 it
574 465 597 492 a
631 456 675 492 ut
709 450 766 490 sit
798 447 1050 518 vocabulum
1074 446 1180 488 iuris
1203 445 1492 487 consultorum
1515 444 1725 486 scientiae
1748 444 1953 488 sollemne

334 514 403 563 [ἀγ
408 513 532 564 ωιὶφῳ
576 510 619 549 δὲ
666 509 786 560 νόιιῳ
827 507 898 552 τὰς
940 505 1073 559 ἀρχὰς
1104 505 1164 558 μὴ
1197 504 1382 558 χρῆσθαι
1412 503 1524 557 μηδὲ
1554 503 1650 556 περὶ
1681 504 1780 550 ἑνός
1812 504 1862 558 ἐξ
1884 503 1952 558 85,

335 571 501 619 8451)
535 573 578 608 et
609 567 731 608 simul
766 578 872 617 quas
904 568 1130 607 accusator
1160 561 1435 629 significavit,
1468 565 1612 604 monet
1644 562 1756 604 enim
1789 562 1952 606 iudices

334 635 452 669 sent«
457 627 529 668 nti
523 639 588 667 un
612 626 672 667 eis
696 625 913 667 ferendam
937 635 1029 664 esse
1050 635 1133 664 non
1151 621 1233 663 nisi
1259 621 1490 663 secundum
1507 620 1626 674 leges
1645 621 1919 664 constitutas.
1922 622 1952 674 ²)

451 685 585 727 Zuttii
634 696 734 725 vero
782 682 998 724 sententia
1044 681 1108 722 ita
1154 680 1462 732 quodammodo
1511 682 1577 721 est
1624 680 1857 733 probanda,
1904 685 1954 723 ut

334 744 586 788 Andovides,
621 754 874 794 quamquam
907 742 958 782 de
990 740 1111 792 νόμῳ
1144 740 1328 792 ἀγράφῳ
1359 738 1495 780 verba
1526 738 1691 780 faciens
1713 738 1762 793 ἓξ
1785 739 1853 793 85,
1885 739 1953 793 86,

333 804 400 846 87,
433 804 487 841 89
522 801 726 853 imprimis
769 800 812 841 id
855 799 959 852 agit,
1001 803 1050 840 ut
1091 797 1327 840 Isotimidis
1368 797 1615 850 psephisma
1656 797 1827 840 irritum
1860 810 1954 841 esse

333 862 544 912 ostendat,
592 860 715 901 simul
768 858 983 911 respiciat,
1031 869 1141 909 quae
1183 860 1410 898 accusator
1456 857 1509 898 de
1556 856 1766 910 ἀγράφοις
1806 858 1953 910 νόμοις

334 920 531 972 protulit,
555 923 696 960 tamen
721 918 819 959 huic
841 921 1092 970 argumento
1115 927 1315 969 magnum
1336 915 1502 968 pondus
1519 914 1712 957 tribuere
1733 927 1817 957 non
1838 916 1954 959 licet.

451 979 682 1019 Praeterea
715 977 756 1017 in
789 976 982 1017 oratione
1013 976 1102 1015 κατ’
1135 974 1378 1016 Ἀνδοκίδου
1420 973 1626 1016 nonnulla
1662 973 1954 1027 inveniuntur,

334 1050 454 1089 quae,
497 1037 531 1077 si
575 1036 616 1076 in
660 1035 877 1076 invectiva
917 1034 1034 1075 dicta
1066 1036 1220 1086 essent,
1263 1033 1592 1075 admirationem
1622 1037 1857 1088 moverent,
1899 1035 1954 1076 ad

337 1108 480 1136 veram
514 1098 654 1136 autem
688 1093 1001 1135 accusationem
1035 1092 1195 1144 optime
1227 1092 1499 1134 conveniunt.
1561 1092 1670 1134 Nam
1692 1092 1729 1134 si
1750 1092 1954 1136 sumimus

336 1154 547 1195 inimicum
581 1154 789 1204 quendam
822 1165 873 1193 ex
895 1151 1129 1193 Andocidis
1162 1151 1410 1193 defensione
1437 1150 1702 1193 invectivam
1724 1151 1954 1205 effinxisse,

335 1213 375 1253 in
411 1226 459 1253 ea
493 1216 626 1264 parte,
669 1224 753 1263 qua
784 1211 1032 1252 refutantur
1063 1213 1328 1263 argumenta,
1368 1222 1478 1262 quae
1509 1222 1628 1251 reum
1659 1222 1736 1262 pro
1768 1222 1815 1252 se
1847 1211 1953 1253 alla-

335 1278 473 1312 turum
518 1284 609 1311 esse
652 1270 808 1311 conicit
848 1270 973 1311 fictus
1015 1269 1089 1310 ille
1131 1272 1368 1322 accusator,
1412 1272 1529 1311 certe
1567 1281 1712 1311 eorum
1742 1269 1954 1312 rationem

335 1331 491 1371 habere
525 1329 682 1380 debuit,
715 1340 824 1380 quae
856 1329 969 1380 apud
1000 1327 1264 1370 Andocidem
1297 1330 1484 1370 exstant.

456 1389 498 1429 ln
541 1388 640 1441 §13
654 1400 743 1439 sqq.
775 1399 877 1429 vero
920 1387 1159 1428 invenimus
1201 1399 1319 1428 reum
1362 1386 1426 1428 ita
1463 1399 1509 1428 se
1542 1386 1816 1429 defensurum
1849 1399 1953 1441 esse,

335 1454 377 1488 ut
424 1447 536 1488 dicat
580 1447 726 1498 ipsum,
774 1446 846 1497 qui
889 1446 1146 1498 delationem
1189 1445 1406 1499 detulerit,
1453 1445 1650 1497 quamvis
1693 1445 1954 1499 impunitate

335 1507 507 1547 decreta
540 1505 711 1546 summis
742 1505 866 1546 malis
898 1505 1054 1558 urgeri,
1088 1517 1171 1558 θος,
1204 1504 1277 1556 qui
1300 1504 1544 1547 denuntiati
1568 1504 1668 1546 olim
1691 1505 1954 1559 aufugerint,

335 1565 526 1605 omnibus
569 1564 761 1605 civitatis
793 1564 1024 1605 honoribus
1056 1563 1132 1616 uti,
1175 1568 1307 1615 atque
1338 1563 1382 1605 in
1413 1564 1516 1617 §43
1549 1564 1657 1606 haec
1687 1568 1808 1606 sunt:
1851 1565 1953 1606 ἀλλὰ

333 1624 434 1667 λέξει
478 1624 534 1662 ὅτι
576 1623 761 1676 μηνυτὴς
803 1624 961 1675 ἐγένετο
993 1623 1063 1663 καὶ
1096 1624 1234 1675 ἕτερος
1266 1622 1404 1668 οὐδεὶς
1436 1623 1623 1677 ἐθελήσει
1653 1625 1837 1677 μηνύειν,
1881 1623 1954 1665 ἐὰν

334 1683 544 1734 κολάζητε,
587 1694 722 1732 neque
764 1682 994 1733 quidquam
1037 1681 1243 1723 eiusmodi
1275 1681 1519 1723 Andocides
1561 1682 1617 1724 ad
1658 1694 1704 1724 se
1746 1683 1952 1724 tuendum

333 1741 480 1790 affert;
514 1740 765 1792 ubicumque
797 1741 849 1781 de
881 1740 1097 1782 delatione
1129 1740 1233 1794 agit,
1265 1740 1421 1782 iterum
1444 1744 1576 1793 atque
1597 1740 1754 1783 iterum
1777 1754 1822 1783 se
1844 1741 1952 1784 illud

334 1799 532 1840 indicium
576 1799 728 1840 fecisse
761 1799 993 1852 confirmat,
1031 1803 1079 1840 ut
1111 1799 1346 1852 civitatem,
1378 1802 1557 1854 patrem,
1599 1800 1872 1853 propinquos,
1905 1813 1952 1843 se

333 1857 467 1909 ipsum
492 1870 514 1898 e
536 1870 694 1899 summo
726 1870 866 1899 rerum
899 1858 1142 1900 discrimine
1175 1863 1372 1901 servaret
1405 1859 1467 1913 (ἓξ
1491 1859 1558 1911 51,
1581 1859 1650 1911 59,
1673 1859 1756 1914 67).
1805 1859 1949 1913 Quare

333 1928 413 1957 non
457 1916 605 1957 habuit
649 1921 798 1958 auctor
839 1917 1095 1969 invectivae,
1138 1930 1213 1959 cur
1256 1930 1365 1969 quae
1406 1930 1490 1960 non
1532 1918 1643 1959 dixit
1686 1918 1952 1961 Andocidem

333 1975 544 2015 dicturum
568 1988 659 2016 esse
682 1976 990 2027 pronuntiaret,
1024 1976 1279 2028 praesertim
1312 1989 1405 2018 cum
1437 1976 1540 2019 ficta
1561 1977 1796 2019 Andocidis
1818 1978 1953 2020 verba

334 2034 387 2074 ad
422 2033 624 2074 invidiam
659 2034 699 2075 in
734 2035 1027 2076 adversarium
1060 2035 1303 2077 absolutum
1325 2035 1591 2078 conflandam
1612 2036 1721 2078 nihil
1743 2036 1953 2079 valerent.

451 2092 596 2144 Neque
627 2093 764 2134 minus
797 2106 822 2134 a
844 2106 945 2135 vero
979 2094 1163 2136 alienum
1188 2095 1295 2136 duco
1317 2098 1416 2147 post
1437 2095 1557 2137 litem
1580 2107 1673 2137 esse
1696 2096 1953 2149 conscripta,

336 2163 443 2201 quae
466 2151 506 2191 in
530 2154 552 2203 ξ
575 2152 629 2191 42
653 2152 865 2205 leguntur,
897 2153 970 2194 ubi
993 2157 1115 2195 actor
1137 2153 1243 2195 dicit
1265 2154 1529 2196 Andocidem
1551 2166 1655 2196 sane
1676 2155 1792 2196 haud
1814 2167 1953 2207 pauca

335 2209 510 2250 erimina
552 2216 701 2251 contra
743 2215 1014 2253 accusatores
1048 2215 1348 2265 congesturum
1382 2225 1486 2265 esse,
1529 2217 1576 2255 at
1608 2213 1670 2255 eis
1703 2213 1952 2256 criminibus

335 2268 513 2319 priolttis
556 2269 715 2310 iudices
757 2282 809 2311 ne
842 2275 1199 2325 commoveantur,
1242 2275 1291 2313 ut
1323 2272 1551 2314 clementia
1583 2276 1782 2314 utantur:
1821 2272 1953 2319 Ἴσως

336 2325 410 2366 οὖν
442 2328 509 2366 καὶ
545 2327 750 2401 Κηφισίου
781 2329 1146 2403 ἀντικατηγορήσει
1177 2331 1248 2371 καὶ
1279 2332 1359 2378 εξει
1382 2331 1408 2371 ὅ
1428 2347 1461 2372 τι
1488 2331 1608 2385 λέγη·
1640 2331 1687 2372 τὰ
1711 2331 1790 2384 γὰρ
1813 2332 1954 2386 ἀληθῆ

334 2401 414 2437 χρη
458 2386 524 2437 λέγ
518 2402 595 2427 ἐιν
642 2387 728 2427 (122²
772 2389 888 2440 ὑμεῖς
930 2390 1008 2429 οὐκ
1051 2391 1101 2429 ἂν
1144 2389 1342 2430 δύναισθε
1385 2394 1433 2443 τῆ
1475 2391 1579 2443 αὐτῇ
1620 2391 1760 2444 ψήφῳ
1801 2391 1872 2432 τόν
1911 2407 1953 2432 τε

335 2444 493 2495 (woh),
498 2461 546 2483 οι
554 2461 625 2484 tm
629 2462 676 2485 m
717 2447 786 2486 καὶ
818 2447 887 2487 τὸν
918 2452 1229 2501 κατηγοροῦντα
1262 2449 1447 2489 κολάσαι.
1510 2449 1612 2489 ἀλλὰ
1644 2453 1719 2490 νῦν
1750 2449 1828 2503 μὲν
1859 2450 1953 2503 περὶ

335 2503 480 2541 τούιτοι
522 2504 667 2555 καιοός
708 2505 787 2545 ἐστι
830 2509 983 2558 γνῶναι
1020 2506 1068 2547 τὰ
1102 2507 1254 2561 δίκαια,
1286 2508 1424 2560 ἕτερος
1457 2508 1501 2548 δὲ
1533 2509 1620 2561 ἥξει
1655 2508 1851 2562 Κηφισίῳ
1882 2509 1953 2549 καὶ

336 2561 457 2612 ἡμῶν
480 2562 654 2614 ι’·κ(ιστιι,3
678 2561 738 2603 ὧν
762 2562 883 2609 οἶτος
904 2582 926 2605 ν
932 2569 978 2605 ῦν
999 2567 1260 2619 μεμνήσεται.
1304 2565 1468 2619 Quibus
1491 2579 1544 2608 ΘΧ
1565 2567 1711 2609 verbis
1733 2572 1952 2609 auctorem

337 2620 567 2660 Anum-iuis
600 2622 886 2664 definsionem
919 2625 1101 2665 nonduin
1135 2625 1397 2691 cognovisse,
1438 2638 1531 2667 cum
1564 2638 1669 2678 opus
1701 2638 1822 2668 suum
1855 2639 1951 2668 con-

338 2679 479 2718 jici—ret
516 2683 734 2730 patescere
766 2686 889 2733 puto;
933 2688 1158 2735 exspectat
1190 2684 1300 2725 enim
1333 2684 1442 2726 talia
1473 2697 1592 2726 reum
1625 2685 1951 2727 criminaturum

337 2749 438 2780 esso,
471 2738 521 2777 de
554 2738 706 2789 quibus=
739 2744 1009 2783 accusatores
1041 2742 1122 2794 ipsi
1145 2742 1188 2784 in
1211 2742 1413 2785 iudicium
1436 2743 1583 2785 vocari
1605 2744 1781 2796 possint.
1823 2744 1951 2786 Talia

416 2889 477 2963 W‘f)
505 2891 557 2924 ΑΙ
592 2902 680 2933 quas
720 2903 800 2926 reus
835 2893 995 2928 iudicum
1033 2895 1172 2931 animos
1209 2895 1282 2930 iam
1321 2896 1430 2931 initio
1469 2897 1646 2932 orationis
1672 2897 1834 2932 advertit
1860 2894 1950 2953 ξ2ε

336 2945 371 2964 πι
377 2947 410 2963 οι
435 2948 546 3012 ιιὸις
535 2963 540 2968 .
562 2965 567 2971 ,
589 2966 594 2971 ,
614 2950 653 2967 οι
647 2950 736 2969 nari)
763 2944 792 2974 (s
797 2940 853 2973 cil
880 2939 969 2980 ὑμᾶς
996 2939 1068 2982 ἐπὶ)
1095 2941 1242 2978 ὁικαίως
1260 2941 1348 2975 κατά
1373 2955 1406 2974 τε
1425 2955 1503 2979 τους
1522 2943 1648 2984 νόμους
1669 2956 1747 2980 τους
1765 2942 1952 2986 ὑμετέρους

337 2992 395 3010 nna
426 2994 498 3014 ΥιιΓζ
546 2985 1081 3027 1κοκ101ζ,111ἷῖζύμόῠανῖἒς
1106 2988 1241 3030 ,uulsis
1268 2988 1328 3032 ’ἰὴν
1354 2993 1480 3033 ψῆφον
1505 2990 1620 3026 Οἴσδίν.
