2077 3430
1004 338 1296 378 „23-

348 464 413 503 καὶ
451 463 542 501 ὑμῖν
565 461 668 499 ιἔστιν
701 493 707 499 .
732 492 739 499 .
763 491 770 499 .
802 459 822 509 ι’)
846 457 1084 508 κατελεῆσαι
1108 457 1132 507 ἢ
1155 453 1514 506 καταχαρίσασθαι
1536 452 1769 505 Ἀνδοκίδῃ,
1801 452 1964 493 ἐπιστα-

347 502 485 574 μένοις
518 520 573 557 ὅτι
607 519 793 568 ἔναργοἿς
824 516 882 555 11))
915 515 1006 554 θεὼ
1035 514 1169 554 τούτω
1192 516 1435 565 τιμωρεῖτον
1455 510 1551 556 τοὺς
1573 511 1823 556 ἀδικοῦντας
1852 510 1888 564 (ξ
1911 509 1964 562 3).

349 585 607 631 1,»1111111111111111
649 575 756 616 cuim
790 574 922 626 prima
959 585 1057 624 pars
1090 571 1215 612 huius
1257 569 1621 622 narratiunculae,
1664 581 1792 621 quam
1823 569 1963 611 hiero-

348 639 546 689 plmntam
591 634 759 685 saepius
802 631 1055 684 repetivisse
1099 629 1351 671 concludere
1390 628 1493 670 licet
1525 640 1548 669 e
1580 628 1726 670 verbis
1757 627 1851 681 §21
1894 628 1964 669 καὶ

347 701 466 734 ταῦτα
499 694 641 733 πολλοὶ
683 693 804 744 ἡμῶν
849 693 1005 743 ἤκουον
1047 693 1118 730 τοῦ
1162 689 1412 741 ἱεροφάντου
1454 687 1658 739 λέγοντος,
1701 686 1827 728 Simul
1869 699 1963 729 cum

348 761 436 794 11111»
460 752 631 793 exordio
656 750 832 801 interiit,
863 754 1004 790 tamen
1028 747 1307 800 perspicimus
1329 750 1545 788 oratorem
1567 758 1698 799 agere
1719 746 1772 787 de
1794 745 1965 788 homine

347 813 524 863 quodum
558 809 733 860 nefario,
767 821 888 860 quem
922 809 1027 848 deae
1060 806 1152 847 diro
1185 805 1394 858 supplicio
1428 804 1665 857 affecerint,
1698 808 1747 846 ut
1768 804 1964 847 facinora

347 871 434 910 vius
468 869 784 910 ulciscerentur.
837 869 980 918 Atque
1004 865 1121 906 illum
1144 865 1281 906 locum
1303 863 1597 906 Andocideum
1621 864 1676 905 ad
1698 863 1964 906 accusatoris

346 929 476 968 1·1·1·1111
519 927 741 978 respicere,
784 938 866 967 non
910 925 1096 966 effictam
1140 936 1232 965 esse
1274 924 1386 965 hanc
1427 921 1678 975 parabolam
1721 934 1774 964 ex
1816 922 1963 964 verbis

345 986 600 1028 Andocideis
641 985 799 1036 optimo
833 985 924 1025 iure
957 984 1005 1026 G.
1029 984 1133 1024 Zutt
1166 985 1217 1035 (p.
1240 985 1279 1033 6)
1313 981 1562 1024 affirmavit.
1624 981 1786 1023 Weber
1819 983 1870 1034 (p.
1893 981 1962 1033 34)

345 1045 510 1085 etiamsi
544 1057 624 1085 111111
659 1043 830 1084 111111111111
865 1056 956 1083 esse
989 1042 1211 1094 concessit,
1246 1041 1347 1093 quin
1379 1040 1446 1082 his
1478 1039 1624 1081 verbis
1654 1040 1962 1092 quodammodo

345 1105 476 1144 verba
523 1102 780 1143 defensionis
828 1102 1161 1153 illustrarentur,
1210 1101 1308 1141 inde
1356 1099 1594 1141 orationem
1641 1099 1756 1151 apud
1798 1099 1962 1142 iudices

347 1163 534 1203 habitam
559 1175 650 1202 csse
673 1161 924 1202 concludere
946 1172 1029 1201 non
1048 1160 1154 1212 vult,
1176 1172 1274 1201 nam
1295 1158 1431 1211 „talia
1446 1157 1643 1210 proferre
1659 1158 1703 1199 in
1721 1158 1964 1200 actionibus

345 1222 530 1273 ‹lassu-la„-
570 1220 779 1261 institutis
812 1232 864 1261 ex
902 1219 1140 1260 delatorum
1174 1217 1482 1260 consuetudine
1515 1220 1559 1258 et
1590 1228 1670 1258 usu
1702 1216 1836 1259 fuisse
1867 1230 1962 1270 per-

344 1280 542 1331 spicimus
576 1291 626 1319 ex
649 1278 793 1331 Lysia,
827 1278 945 1319 cuius
978 1278 1079 1319 item
1113 1277 1348 1330 exemplum
1384 1280 1557 1328 praesto
1592 1279 1658 1317 est
1690 1277 1804 1329 apud
1826 1276 1962 1318 Athe-

342 1350 489 1379 nucum
524 1338 611 1379 XII
635 1337 715 1377 551
743 1338 768 1378 d
791 1350 892 1388 sqq.,
935 1337 1047 1388 quod
1085 1336 1315 1389 usurpavit
1352 1335 1397 1376 in
1429 1335 1625 1377 oratione
1656 1335 1763 1388 ὑπὲρ
1801 1335 1961 1377 Φανίου

341 1397 601 1449 παρανόλιιων
620 1396 806 1448 habita,⁴‘
832 1395 905 1437 ubi
928 1395 1030 1437 item
1053 1395 1121 1437 dei
1143 1395 1254 1437 male
1271 1394 1510 1447 perdidisse
1528 1394 1731 1446 quosdam
1750 1393 1963 1447 dicuntur,

343 1456 412 1506 qui
447 1455 749 1496 contumeliose
782 1454 825 1496 in
858 1467 928 1496 eos
951 1467 996 1495 se
1019 1458 1254 1508 gesserant.
1319 1454 1468 1505 Neque
1490 1456 1636 1495 tamen
1657 1456 1777 1495 recte
1799 1453 1962 1496 Weber

343 1514 459 1555 illum
494 1514 629 1555 locum
663 1513 823 1566 attulit,
858 1526 950 1555 cum
982 1513 1138 1566 Lysias
1171 1513 1231 1554 ibi
1263 1525 1348 1554 non
1380 1512 1571 1554 fabulam
1604 1515 1755 1554 narret
1787 1512 1840 1554 de
1862 1511 1960 1554 aliis

343 1586 365 1614 a
400 1573 464 1613 dis
496 1572 667 1624 punitis,
700 1573 774 1614 sed
807 1575 1101 1614 accusatorem
1125 1571 1379 1623 Cinesiam1)
1413 1574 1592 1624 propter
1623 1570 1820 1613 facinora
1847 1583 1874 1613 a
1895 1571 1962 1613 dis

341 1632 484 1672 morbo
516 1631 769 1683 gravissimo
803 1636 847 1672 et
878 1631 1237 1683 perniciosissimo
1270 1631 1472 1672 affectum
1505 1642 1599 1672 esse
1632 1631 1866 1672 contendat
1894 1630 1961 1672 his

342 1690 500 1730 verbis:
513 1706 557 1729 το
565 1694 657 1730 ῦτον
671 1690 715 1730 δὲ
733 1690 803 1730 τὸν
819 1690 898 1730 ὑπὸ
909 1691 1110 1732 πλείστων
1123 1690 1464 1743 γιγνωσκόμενον
1472 1691 1512 1731 οἱ
1522 1689 1615 1731 θεοὶ
1623 1690 1759 1735 οὕτως
1768 1689 1962 1731 διέθεσαν

341 1749 444 1789 ὥστε
462 1749 555 1793 τοὺς
572 1749 753 1802 ἐχθροὺς
773 1749 1001 1802 βούλεσθαι
1017 1749 1144 1790 αὐτὸν
1166 1751 1241 1803 ζῆν
1257 1749 1417 1802 μᾶλλον
1439 1751 1464 1802 ἢ
1481 1749 1678 1790 τεθνάναι
1693 1748 1961 1801 παράδειγμα

340 1811 422 1851 τοῖς
454 1808 600 1852 ἄλλοις,
633 1809 682 1847 ἵν’
705 1808 882 1859 εἰδῶσιν,
916 1809 976 1848 ὅτι
1002 1813 1085 1854 τοῖς
1112 1809 1201 1848 λίαν
1223 1809 1474 1862 ὑβριστικῶς
1494 1807 1602 1861 πρὸς
1623 1807 1671 1848 τὰ
1692 1808 1786 1849 θεῖα
1811 1807 1960 1849 διακει-

339 1868 481 1917 μένοις
524 1867 601 1906 οὐκ
645 1868 700 1912 εἰς
732 1866 826 1912 τοὺς
856 1868 1009 1912 παῖδας
1041 1868 1304 1909 ἀποτίθενται
1339 1867 1412 1912 τὰς
1443 1868 1657 1920 τιμωρίας,
1691 1867 1775 1907 ἀλλ’
1810 1866 1962 1912 αὐτοὺς

339 1929 485 1969 κακῶς
507 1925 759 1965 ἀπολλύουσι
776 1926 901 1967 nni.
926 1926 1094 1977 (Athen.
1117 1926 1207 1968 XII
1224 1925 1309 1967 552
1324 1928 1375 1979 a),
1398 1926 1552 1968 deinde
1574 1926 1682 1967 haec
1703 1925 1839 1968 verba
1860 1928 1962 1967 Sunt

341 1983 620 2035 defendentis,
652 1997 734 2025 non
768 1985 1024 2037 accusantis,
1056 1985 1121 2027 ita
1152 1988 1201 2027 ut
1232 1985 1343 2027 falso
1376 1985 1476 2026 inde
1508 1984 1768 2027 concluserit
1799 1984 1962 2027 Weber

342 2042 445 2082 1111111
493 2042 686 2094 proferre
734 2056 785 2084 ex
833 2056 912 2085 usu
959 2044 1199 2086 delatorum
1247 2044 1402 2096 fuisse3
1450 2044 1634 2096 denique
1680 2043 1718 2086 si
1764 2043 1960 2096 profecto

340 2100 494 2152 Lysias
527 2101 599 2142 illo
632 2101 723 2143 loco
757 2103 824 2144 vel
858 2102 968 2144 alius
1001 2108 1147 2145 orator
1180 2103 1339 2145 alicubi
1371 2103 1583 2145 similibus
1616 2102 1836 2155 parabolis
1858 2114 1960 2144 usus

341 2165 416 2206 est,
449 2159 549 2210 quid
594 2160 673 2201 hoc
715 2165 865 2202 contra
896 2162 1033 2203 Zuttii
1071 2162 1332 2204 sententiam
1364 2162 1515 2204 valet?
1578 2162 1687 2204 Nam
1719 2165 1768 2203 ut
1800 2161 1960 2215 Lysiae

341 2218 401 2258 1111
426 2218 548 2259 liuius
572 2231 738 2270 quoque
771 2221 1059 2262 accusationis
1092 2221 1229 2263 actori
1263 2221 1471 2263 eiusmodi
1495 2221 1745 2273 parabolam
1777 2221 1832 2262 ad
1864 2232 1959 2262 ora-

340 2276 495 2317 tionem
540 2277 837 2319 illustrandam
881 2281 1111 2322 adnectere
1143 2280 1317 2322 licuisse
1350 2283 1682 2322 consentaneum
1715 2283 1792 2322 est.
1855 2279 1960 2322 Veri

339 2334 472 2385 igitur
504 2342 566 2376 est
601 2336 859 2378 simillimum
892 2339 1153 2381 Andocidem
1186 2339 1288 2393 §29
1321 2339 1467 2381 verbis
1500 2339 1618 2380 illam
1651 2338 1861 2381 orationis
1883 2338 1959 2381 VI.

339 2394 624 2435 narrationem
658 2396 881 2447 respicere.

457 2453 503 2493 In
537 2457 559 2505 ς’
587 2454 637 2493 11)
670 2454 775 2495 dicit
807 2460 953 2497 orator
985 2457 1085 2497 deos
1118 2457 1314 2509 quamvis
1337 2470 1363 2498 a
1384 2469 1456 2499 reo
1480 2457 1709 2499 itineribus
1731 2456 1959 2499 maritimis

339 2512 390 2551 1111
425 2515 638 2553 certamen
683 2514 804 2564 quasi
850 2519 1104 2566 provocatos
1148 2528 1242 2557 eum
1289 2528 1372 2557 non
1415 2516 1654 2568 perdidisse
1698 2528 1749 2558 ea
1791 2515 1959 2557 scilicet

338 2575 489 2621 mente,
532 2575 579 2611 ut
622 2571 661 2612 in
707 2573 784 2613 hoc
827 2573 982 2614 iudicio
1015 2587 1194 2626 poenam
1227 2576 1372 2617 daret:
1422 2576 1472 2616 οὐ
1511 2575 1590 2628 γάρ
1624 2575 1686 2621 ὡς
1718 2575 1869 2620 δεδιὼς
1909 2574 1957 2615 τὰ

336 2630 606 2681 πεποιημένα,
649 2631 735 2670 ἀλλ’
770 2632 830 2676 ὡς
862 2633 1053 2685 θαρρῶν,
1095 2634 1328 2688 ναυκληρίᾳ
1362 2634 1611 2687 ἐπιθέμενος
1642 2634 1716 2687 τὴν
1748 2634 1958 2674 θάλατταν

339 2687 457 2728 ἔπλει.
490 2688 513 2726 ὁ
547 2689 591 2728 δὲ
626 2689 723 2734 θεὸς
759 2691 913 2743 ὑπῆγεν
945 2693 1082 2739 αὐτόν,
1116 2694 1179 2733 ἵνα
1213 2693 1474 2746 ἀφικόμενος
1507 2694 1564 2739 εἷς
1595 2693 1643 2733 τὰ
1676 2693 1956 2746 ἁμαρτήματα

338 2745 398 2783 ἐπὶ
439 2747 533 2798 τῇδε
576 2752 621 2800 τῇ
663 2750 871 2802 προφάσει
912 2751 992 2801 (ἐπὶ
1035 2756 1082 2804 τῇ
1125 2753 1206 2805 ἐμῇ
1247 2768 1288 2793 π.
1313 2752 1448 2805 codd.)
1491 2752 1583 2806 δοίη
1619 2752 1751 2805 δίκην.
1813 2752 1883 2793 Ad
1914 2751 1958 2793 id

339 2804 493 2845 crimcu
518 2806 759 2847 Amlochles
782 2808 955 2859 respicit
976 2810 1133 2861 verbis,
1156 2823 1266 2862 quae
1283 2811 1465 2863 legimus
1487 2811 1510 2864 ξ
1533 2811 1637 2852 137;
1660 2810 1958 2864 κατηγόρησαν

340 2863 383 2899 δι’
421 2879 504 2913 μοι’
547 2865 614 2904 καὶ
653 2867 745 2917 περὶ
779 2871 861 2906 τῶν
900 2869 1167 2921 ναυκληριῶν
1199 2870 1270 2910 καὶ
1301 2870 1395 2922 περὶ
1426 2874 1498 2923 τῆς
1530 2871 1746 2923 ἐμπορίας,
1781 2870 1842 2915 ὡς
1873 2870 1957 2922 ἄρα

459 2992 478 3033 ¹)
506 2994 655 3028 cunclem
685 3000 830 3039 propter
858 2997 1007 3032 maciem
1035 2998 1152 3033 irrisit
1179 2999 1366 3044 Aristoph.
1418 3000 1485 3035 Av.
1508 2998 1608 3033 1377.
