2077 3430
982 302 1243 344 -g—

302 433 382 462 non
416 420 506 461 litis
538 423 729 472 tempore
762 432 854 460 eam
893 420 1178 472 conscriptam
1222 432 1326 472 esse,
1369 421 1443 462 sed
1487 420 1695 475 originem
1737 421 1924 464 traxisse

302 492 325 520 a
359 479 531 520 rhetore
564 479 745 529 quodam
779 479 1018 530 posteriore
1051 478 1274 520 contendit

469 550 509 590 J.
528 549 690 590 Sluiter
713 549 956 599 (Lectiones
973 549 1260 601 Andocideae,
1283 549 1484 603 Lugduni
1502 550 1600 592 Bat.
1620 549 1745 604 1804,
1768 563 1806 603 p.
1827 551 1924 603 169)

302 633 392 660 eam
427 623 564 660 ortam
598 632 690 660 esse
730 622 852 660 ratus
895 632 945 660 ea
988 623 1146 672 aetate,
1193 631 1304 671 „qua
1346 620 1401 661 ad
1443 620 1681 673 exemplum
1713 621 1926 663 Demetrii

301 678 499 719 Phalerei
533 691 609 729 pro
642 677 757 719 veris
790 678 832 718 in
866 678 958 719 foro
998 678 1139 720 causis
1171 678 1294 720 fictas
1338 678 1381 719 in
1423 679 1581 720 scholis
1623 692 1752 733 agere
1795 682 1925 732 atque

301 737 343 777 in
378 737 527 778 umbra
559 736 801 778 declamare
835 737 1096 789 coeperint&

419 807 581 848 Horum
615 807 859 848 sententiae
891 807 1147 859 adstipulati
1181 810 1281 848 sunt

513 878 563 918 A.
582 878 632 919 G.
650 877 819 919 Becker
843 877 1099 928 (Andocides
1124 878 1344 919 iibersetzt
1367 878 1453 919 und
1475 878 1698 931 erlautert‚
1721 879 1925 932 Quedlin-

515 937 626 990 burg
660 936 784 988 1832,
817 949 855 988 p.
879 936 905 977 5
923 938 1039 988 sqq.).

514 1007 580 1048 Al.
603 1007 714 1048 Falk
749 1007 844 1057 (Die
866 1007 1015 1048 Reden
1046 1008 1120 1049 des
1142 1007 1299 1060 Lysias
1332 1008 1553 1049 iibersetzt
1584 1008 1671 1050 und
1703 1008 1926 1062 erlautert,

513 1066 695 1107 Breslau
732 1065 855 1118 1843,
888 1079 926 1118 p.
950 1066 1004 1106 87
1040 1069 1084 1108 et
1116 1079 1153 1118 p.
1177 1065 1288 1117 355).

514 1136 555 1178 C.
578 1137 634 1177 M.
657 1136 885 1178 Francken
929 1137 1332 1186 (Commentationes
1371 1137 1595 1191 Lysiacae,
1637 1137 1830 1180 Traiecti
1873 1138 1928 1180 ad

511 1195 708 1236 Rhenum
739 1195 863 1248 1865,
895 1208 934 1248 p.
957 1195 1013 1236 44
1031 1201 1148 1248 sqq.).

512 1266 564 1307 H.
588 1278 673 1307 van
703 1267 970 1308 Herwerden
1003 1266 1176 1319 (Lysiae
1208 1266 1426 1309 orationes
1458 1267 1588 1308 schol.
1621 1267 1665 1308 in
1698 1279 1819 1309 usum
1852 1268 1927 1321 ed.,

513 1324 763 1378 Groningae
798 1325 922 1378 1899,
954 1338 993 1378 p.
1017 1325 1073 1366 39
1091 1328 1178 1377 sq.).

512 1396 579 1437 W.
603 1395 777 1437 Schmid
816 1399 960 1437 autem
994 1396 1074 1446 (W.
1098 1396 1254 1449 Christ,
1298 1396 1452 1438 Gesch.
1485 1397 1562 1438 der
1592 1409 1654 1450 gr.
1687 1396 1822 1439 Liter.
1854 1396 1927 1438 be-

517 1454 706 1496 arbeitet
737 1467 822 1497 von
853 1455 921 1497 W.
945 1455 1118 1497 Schmid
1150 1456 1208 1509 16,
1246 1456 1459 1497 Miinchen
1485 1455 1610 1509 1912,
1649 1468 1686 1508 p.
1708 1455 1794 1498 554
1826 1468 1865 1498 n.
1888 1455 1928 1508 8)

513 1526 606 1555 eam
637 1526 721 1555 non
753 1513 887 1555 multo
921 1518 1023 1556 ante
1046 1515 1435 1567 Harpocrationem
1468 1527 1561 1557 esse
1584 1514 1808 1557 confictam
1831 1527 1927 1557 cen-

512 1572 622 1624 suit,

301 1655 327 1685 a
358 1643 531 1685 rhetore
573 1644 753 1695 quodam
798 1644 1032 1686 Andocidis
1075 1644 1319 1697 Lysiaeque
1362 1645 1533 1696 aequali
1574 1642 1790 1686 iudicialis
1833 1657 1927 1686 ora-

301 1702 431 1744 tionis
473 1702 657 1755 speciem
697 1706 742 1744 et
784 1703 963 1745 formam
1006 1703 1176 1745 imitato
1220 1716 1313 1746 eam
1356 1704 1634 1756 compositam
1678 1716 1771 1746 esse
1814 1703 1927 1745 arbi·

301 1765 444 1803 tratus
477 1765 543 1803 est

513 1821 554 1863 J.
576 1821 629 1862 H.
653 1821 826 1873 Lipsius
870 1821 1118 1873 (Andocidis
1161 1822 1378 1864 orationes
1421 1822 1483 1864 ed.
1522 1824 1710 1874 stereot.‚
1753 1821 1929 1874 Lipsiae

517 1880 640 1933 1888,
674 1893 711 1932 p.
734 1881 777 1922 X
809 1880 1096 1932 praefationis
1127 1893 1166 1922 n.
1190 1880 1273 1932 35).

303 1938 512 1980 Similiter

513 1999 554 2040 J.
576 1999 718 2040 Bruns
764 1999 868 2049 (Das
900 1998 1172 2040 literarische
1204 1999 1385 2040 Portrat
1425 2000 1502 2040 der
1533 1998 1749 2041 Griechen
1790 1998 1847 2040 im
1880 1999 1929 2041 V.

514 2058 600 2098 und
632 2058 705 2099 IV.
727 2058 893 2110 Jahrb„
925 2058 1074 2100 Berlin
1100 2058 1225 2110 1896,
1257 2071 1295 2110 p.
1318 2058 1403 2099 479
1437 2061 1482 2099 et
1513 2071 1551 2110 p.
1574 2057 1658 2099 521
1678 2060 1765 2110 sq.).

305 2140 396 2169 eam
430 2140 505 2180 pro
538 2128 760 2171 invectiva
791 2128 966 2181 habuit3
1009 2129 1130 2171 cuius
1167 2129 1409 2171 sententiae
1451 2128 1642 2170 rationes
1684 2127 1929 2170 accuratius

305 2187 503 2239 exposuit

516 2246 583 2288 W.
606 2247 767 2288 Weber
811 2246 889 2297 (De
927 2246 1087 2300 Lysiae
1130 2259 1240 2299 quae
1285 2246 1426 2288 fertur
1473 2249 1624 2288 contra
1665 2245 1930 2287 Andocidem

516 2305 722 2359 oratione,
754 2306 867 2347 Diss.
900 2305 1076 2358 Lipsiae
1101 2305 1238 2358 1900).

423 2376 583 2418 Contra
616 2377 827 2418 forensem
860 2377 885 2418 i.
909 2390 942 2418 e.
976 2377 1018 2418 in
1051 2377 1146 2429 ipsa
1167 2376 1403 2418 Andocidis
1425 2376 1503 2417 lite
1527 2379 1629 2417 ante
1650 2375 1814 2417 iudices
1837 2387 1930 2417 eam

305 2434 497 2476 habitam
532 2448 625 2477 esse
658 2437 972 2478 contenderunt

517 2507 632 2606 ξ’ὃῆ
656 2507 838 2616 Βο61Υξὲ)
867 2507 1146 2558 (Adversaria
1188 2506 1343 2548 critica
1385 2506 1447 2548 ed.
1477 2506 1671 2559 Wagner
1702 2505 1734 2558 Ι,
1781 2504 1931 2547 Berlin

615 2576 645 2618 ’,
677 2579 716 2618 p.
772 2595 779 2605 .
843 2599 851 2607 .

518 2636 565 2678 L.
589 2637 828 2678 Hoelscher
866 2637 944 2687 (De
977 2636 1071 2679 vita
1103 2640 1148 2678 et
1179 2635 1354 2688 scriptis
1386 2635 1557 2689 Lysiae,
1589 2634 1781 2677 Berolini
1805 2634 1930 2686 1837,

519 2696 834 2806 ῗὲξξῂῃίᾱὲῗ,
879 2695 1258 2748 (Quaestiunculae
1289 2694 1521 2748 Lysiacae,
1563 2706 1704 2747 progr.
1742 2693 1931 2735 Herford

519 2825 569 2867 R.
591 2788 912 2867 Rauchenstein
937 2825 978 2866 in
1001 2824 1329 2866 Hoelscheriani
1362 2823 1553 2876 opusculi
1587 2835 1767 2865 censura
1800 2823 1931 2874 (Neue

518 2885 618 2927 Jbb.
642 2884 669 2926 f.
693 2884 802 2926 Phil.
826 2897 863 2925 u.
886 2885 1015 2926 Paed.
1042 2884 1166 2936 1869,
1199 2897 1236 2936 p.
1260 2883 1370 2936 326),

520 2955 569 2996 A.
594 2955 821 2996 Kirchhoff
853 2955 1126 3007 (Andocidea,
1159 2955 1339 2996 Hermes
1362 2954 1381 2995 Ι
1409 2953 1521 2994 1866
1554 2966 1591 3005 p.
1615 2953 1639 2993 7
1658 2955 1744 3004 sq.).
