2077 3430
746 347 1038 388 ...21-

77 457 286 500 Benseler
319 459 397 509 (De
440 460 563 502 hiatu
605 461 649 503 in
692 464 934 506 oratoribus
966 466 1126 508 Atticis
1171 472 1213 509 et
1256 468 1472 511 historicis
1505 470 1695 524 Graecis,

77 516 318 570 Fribergae
354 518 464 559 1841
499 532 537 571 p.
564 520 671 573 176).

195 576 466 641 Argumenta
497 578 642 631 igitur,
676 580 829 632 quibus
862 581 1023 624 Sluiter
1053 595 1154 625 usus
1187 588 1263 637 est,
1296 589 1343 626 ut
1366 586 1601 627 orationem
1619 587 1691 628 VI.

76 647 105 676 a
125 634 286 687 Lyslae
320 639 466 678 aetate
490 649 582 679 esse
604 640 905 681 removendam
927 642 1184 695 ostenderet,
1217 644 1377 685 caduca
1399 649 1510 695 sunt,
1544 649 1692 686 contra

75 705 132 735 ex
161 693 310 735 multis
341 694 512 737 indiciis
544 700 727 748 apparet
768 698 1004 740 orationem
1043 701 1096 742 ab
1129 702 1361 743 Andocidis
1393 703 1563 754 aequali
1595 715 1690 745 con-

75 751 237 818 fectam
280 764 383 795 6336.
451 754 579 796 Haud
626 756 773 807 paucis
821 757 932 799 enim
979 758 1106 800 dictis
1157 772 1233 812 per
1274 764 1410 802 totam
1456 762 1692 803 orationem

78 822 242 863 sparsis
275 815 427 853 auctor
457 816 546 854 tam
570 818 816 856 accuratam
837 816 1037 858 notitiam
1059 818 1202 869 prodit
1225 822 1268 859 et
1290 831 1430 860 rerum
1452 820 1690 862 Andocide-

73 882 198 912 arum
231 873 275 912 et
307 883 388 922 quo
420 875 512 913 tum
544 885 612 914 res
635 874 808 925 publica
828 875 1155 917 Atheniensium
1178 878 1383 919 utebatur
1403 881 1533 929 statu,
1566 891 1691 930 quam

74 941 214 980 neque
267 941 319 970 ex
370 931 605 973 Andocidis
657 932 904 975 defensione
954 946 1112 986 neque,
1164 935 1208 976 id
1260 937 1370 987 quod
1422 937 1487 977 W.
1521 936 1693 978 Schmid

77 988 158 1036 (W.
192 987 355 1041 Christ,
403 989 556 1032 Gesch.
595 991 671 1032 der
711 1003 773 1044 gr.
805 991 890 1034 Lit.
921 992 969 1034 Ι6
1003 993 1115 1034 1912
1147 1006 1186 1046 p.
1209 994 1294 1035 554
1331 995 1380 1036 N.
1403 994 1442 1042 8)
1485 999 1621 1047 putat,
1670 1008 1692 1037 e

74 1046 277 1100 Dionysii
308 1048 706 1091 Halicarnassensis
745 1051 797 1092 de
828 1051 1061 1093 Andocidis
1094 1052 1359 1094 orationibus
1391 1053 1536 1094 libello
1568 1054 1690 1095 nobis

71 1118 160 1148 non
201 1110 376 1148 servato
419 1107 486 1159 (cf.
508 1108 633 1150 Dion.
655 1109 753 1150 Hal.
776 1109 980 1161 opuscula
1022 1111 1113 1152 edd.
1135 1111 1640 1154 Usener-Radermacher
1670 1112 1692 1153 Ι

76 1164 191 1206 1899
223 1178 263 1217 p.
286 1165 384 1217 283>
419 1167 667 1219 depromere
699 1168 900 1220 potuerit.

195 1224 350 1278 Cladis,
384 1237 511 1277 quam
542 1226 829 1268 Athenienses
862 1228 916 1268 ad
947 1229 1090 1280 Aegos
1120 1227 1275 1270 fiumen
1308 1232 1573 1281 acceperant,
1605 1241 1689 1270 me-

73 1282 212 1325 moria
251 1284 438 1326 nondum
480 1285 697 1327 exstincta
739 1289 816 1338 est,
858 1299 955 1327 nam
995 1287 1049 1328 ad
1092 1299 1184 1329 eam
1215 1287 1538 1340 significandam
1571 1291 1692 1329 actor

74 1342 211 1385 SOlam
242 1355 391 1384 vocem
413 1348 640 1397 συμφορᾶς
662 1347 843 1396 usurpat
874 1345 896 1398 ξ
920 1344 995 1386 46;
1031 1346 1123 1386 οὔτε
1153 1346 1237 1398 πρὸ
1260 1351 1332 1399 τῆς
1354 1350 1576 1399 συμφορᾶς
1599 1347 1691 1387 οὔτε

70 1401 176 1455 μετὰ
207 1402 282 1455 τὴν
324 1404 564 1456 συμφοράν,
609 1416 719 1455 quae
751 1403 853 1455 quid
894 1403 977 1445 sibi
1015 1404 1160 1456 vellet,
1202 1405 1461 1456 posteriores
1492 1417 1577 1445 non
1608 1405 1692 1446 iam

73 1461 414 1513 perspexissent3
447 1462 607 1514 Lysiae
640 1466 784 1504 autem
815 1462 1079 1514 temporibus
1101 1463 1211 1504 hanc
1245 1463 1575 1515 appellationem
1606 1463 1691 1504 usi-

72 1523 214 1561 tatam
245 1519 380 1561 fuisse
413 1522 645 1562 ostendunt
676 1525 850 1572 praeter
871 1521 971 1574 LyS.
993 1522 1083 1563 XII
1105 1521 1172 1573 43,
1204 1522 1360 1563 XXXI
1383 1521 1420 1572 8,
1453 1534 1556 1573 quos
1578 1521 1692 1563 locos

72 1579 229 1621 attulit
259 1579 422 1621 Weber
453 1592 491 1632 p.
517 1580 582 1621 14:
615 1580 726 1622 XXI
749 1580 796 1621 9:
829 1581 896 1621 ὅτε
928 1580 1007 1633 γὰρ
1040 1581 1083 1621 ἐν
1113 1585 1162 1634 τῇ
1189 1581 1393 1633 τελευταίᾳ
1415 1582 1626 1633 ναυμαχίᾳ
1648 1581 1691 1620 αἳ

72 1642 170 1691 νῆες
213 1638 507 1691 διεφθάρησαν
530 1673 538 1681 .
561 1673 601 1681 ..
634 1639 774 1692 ἐπειδὴ
807 1640 878 1679 καὶ
918 1643 1002 1684 τοῖς
1042 1639 1309 1692 τριηράρχοις
1350 1640 1582 1692 ὠργίσθητε
1626 1638 1690 1679 διὰ

71 1697 146 1751 τὴν
178 1698 408 1751 γενομένην
441 1699 712 1751 συμφοράν.5)

192 1757 328 1798 Porro
360 1769 489 1798 Voces
522 1759 561 1797 οἱ
592 1758 635 1798 ἓν
667 1758 776 1798 ἄστει
807 1756 923 1809 ξ38,
965 1758 1006 1797 οῖ
1036 1757 1080 1803 ἕξ
1111 1757 1267 1801 ἄστεως
1302 1756 1372 1796 καὶ
1403 1757 1449 1797 ἐκ
1480 1756 1694 1808 Πειραιῶς

70 1815 97 1869 ξ
121 1815 189 1868 39,
232 1817 272 1856 οἱ
303 1817 350 1856 ἐκ
382 1815 597 1868 Πειραιῶς
630 1815 742 1869 ξ38,
785 1817 825 1856 οἳ
854 1815 1140 1857 Ἐλευσινόθεν
1171 1815 1284 1868 gest),
1323 1815 1406 1856 njsi
1437 1814 1563 1866 paulo
1595 1820 1692 1866 post-

72 1874 182 1916 illud
223 1875 340 1917 inter
380 1875 546 1916 nobiles
588 1875 902 1927 popularesque
942 1874 1101 1916 bellum
1143 1874 1270 1916 civile
1303 1873 1402 1915 anni
1434 1873 1518 1914 403
1552 1873 1693 1914 dictae

72 1937 230 1987 essent,
261 1946 384 1976 nemo
418 1934 510 1976 fere
541 1933 839 1976 intellexisset.

195 1993 246 2034 In
278 1993 302 2047 ξ
325 1993 381 2034 44
412 1993 594 2047 legimus
619 1995 784 2034 ceteros
805 1993 991 2045 μηνυτάς
1024 1991 1218 2043 quamvis
1240 1990 1497 2043 impunitate
1519 1991 1693 2031 decreta

71 2051 119 2094 in
151 2052 249 2094 aliis
282 2052 450 2104 oppidis
484 2051 735 2094 commorari
765 2051 893 2092 malle
925 2063 1050 2102 quam
1082 2050 1194 2092 sicut
1225 2049 1488 2091 Andocidem
1508 2048 1692 2090 Athenis

72 2111 243 2153 civibus
295 2111 383 2153 suis
430 2111 651 2153 molestias
699 2111 874 2162 afferre3
927 2121 1104 2161 quorum
1155 2109 1399 2150 nominatur
1448 2107 1692 2149 Batrachus

71 2170 260 2224 qujdam,
292 2171 416 2212 homo
449 2170 745 2222 nequissimus,
779 2181 902 2221 quem
934 2168 1118 2221 triginta
1150 2167 1346 2220 tyrannis
1375 2165 1691 2208 dominantibus

78 2229 237 2272 civium
268 2229 442 2271 nomina
474 2229 584 2271 falso
608 2228 813 2271 detulisse
837 2230 1135 2269 commemorat
1156 2226 1312 2279 Lysias
1333 2226 1422 2267 XII
1440 2224 1506 2266 48.
1549 2226 1692 2275 Atque

73 2301 129 2331 ex
160 2289 508 2342 Harpocratione
541 2290 586 2339 (s.
607 2301 647 2330 v.
675 2288 925 2341 Φηγούσιον)
957 2286 1133 2338 Lysiam
1176 2288 1325 2326 contra
1357 2296 1451 2325 eum
1483 2282 1691 2325 accusati-

71 2360 197 2390 onem
250 2349 303 2390 de
348 2360 454 2390 nece
500 2350 678 2400 patrata
730 2345 1043 2397 conscripsisse,
1096 2357 1148 2385 ex
1194 2344 1418 2385 Athenaeo
1465 2342 1551 2384 VII
1572 2341 1693 2382 3290

73 2407 225 2461 (Kock,
259 2407 370 2450 Com.
393 2408 485 2449 Att.
507 2407 773 2459 Fragmenta
803 2405 825 2446 I
856 2417 894 2456 p.
918 2404 1002 2445 684
1034 2403 1085 2444 fr.
1108 2403 1176 2448 27)
1220 2402 1484 2453 Archippum
1521 2403 1691 2452 poetam

73 2467 282 2508 comicum
322 2466 367 2508 in
408 2466 560 2508 fabula
601 2466 745 2518 ἰχθύες
786 2463 996 2515 inscripta
1042 2474 1137 2503 eum
1178 2461 1363 2502 irrisisse
1403 2458 1691 2511 comperimus.

72 2526 205 2568 Cuius
237 2525 421 2568 hominis
463 2524 635 2567 obscuri
675 2524 891 2565 rhetorem
931 2521 1089 2563 aetatis
1132 2520 1239 2562 satis
1271 2523 1460 2560 remotae
1492 2517 1691 2559 notitiam

72 2585 278 2627 habuisse
309 2584 545 2627 verisimile
575 2596 660 2625 non
692 2595 785 2624 esse
807 2580 1041 2623 Schneider
1072 2592 1110 2632 p.
1133 2579 1216 2620 361
1250 2590 1324 2619 suo
1347 2577 1439 2618 iure
1462 2575 1691 2618 contendit.

193 2644 296 2686 Cum
329 2644 414 2686 alio
446 2643 617 2685 homine
648 2646 740 2683 tum
761 2640 986 2692 impietate
1017 2637 1176 2691 insigni
1197 2636 1439 2679 Andocides
1472 2634 1691 2676 confertur

71 2703 118 2744 in
140 2703 164 2757 ξ
183 2704 258 2747 17:
291 2707 465 2744 τοσοῦτο
484 2703 521 2743 δ’
543 2700 666 2746 οὗτος
683 2700 892 2752 Διαγόρου
909 2702 982 2739 τοῦ
1001 2697 1170 2751 ᾸῙηλίου
1189 2697 1456 2749 ἀσεβέστερος
1473 2695 1692 2746 γεγένηται.

74 2763 391 2815 Aristophanes
415 2763 509 2813 (Av.
529 2760 655 2810 1073)
679 2758 907 2800 memoriae
940 2756 1129 2809 prodidit
1152 2754 1437 2796 Athenienses
1458 2751 1692 2805 praemium

72 2821 200 2864 unius
244 2821 403 2863 talenti
445 2820 484 2863 ei
526 2818 783 2873 promisisse,
832 2816 905 2869 qui
951 2816 1071 2857 illum
1113 2813 1425 2864 interfecisset3
1473 2812 1527 2852 ad
1571 2822 1694 2862 quem

192 2963 215 3004 ὃ)
242 2964 330 2999 Loci
355 2963 531 2998 vocabulo
550 2962 675 2997 addito
690 2960 819 3004 Lysias
838 2959 931 2994 illud
945 2956 1123 3002 proelium
1137 2956 1267 2991 navale
1283 2957 1536 2990 commemorat
1553 2951 1639 2987 XVI
1652 2949 1696 2986 4:

69 3009 142 3053 ,πρὸ
167 3014 226 3054 τῆς
252 3009 288 3043 ἐν
309 3009 551 3053 ξΕλλησπόντῳ
578 3010 774 3050 συμφορᾶς.

574 3135 587 3157 ν
