2077 3430
1041 306 1333 348 —22—

379 427 515 468 locum
535 425 768 467 scholiasta
792 425 973 466 adnotat
996 424 1242 477 Diagoram,
1276 436 1369 465 cum
1391 423 1500 466 libro
1525 424 1577 466 de
1598 424 1817 478 mysteriis
1838 424 2004 478 scripto

380 486 421 526 in
455 484 704 537 religionem
739 483 1002 535 deliquisset,
1034 482 1220 524 Athenis
1253 482 1475 535 expulsum
1515 495 1628 525 esse:
1680 482 1926 529 Μελάνθιος
1958 483 2004 525 δὲ

380 545 422 583 ἓν
454 547 513 595 τῷ
544 543 638 594 περὶ
668 543 912 595 μυστηρίων
952 542 1207 594 προφέρεται
1249 545 1321 595 τῆς
1362 542 1522 595 χαλκῆς
1553 542 1702 595 στήλης
1733 542 2003 596 ἀντίγραφον,

380 603 421 642 ἓν
453 601 480 654 ᾖ
526 601 784 654 ἐξεκήρυξαν
825 601 895 640 καὶ
937 599 1064 640 αὺτὸν
1095 600 1166 640 καὶ
1207 599 1303 645 τοὺς
1344 597 1453 656 <μὴ>
1495 601 1736 646 ἒκόιόόντας
1767 600 2005 651 Πελλανεῒς,
2072 608 2077 617 ’”

379 662 422 700 ἓν
464 659 491 713 ᾗ
535 661 759 712 γέγραπται
805 659 876 699 καὶ
921 663 1069 699 ταῦτα·
1110 659 1182 700 ἐὰν
1230 659 1277 699 δέ
1316 675 1374 704 τις
1415 660 1636 712 ἀποκτείνῃ
1680 659 1891 712 Διαγόραν
1931 659 2006 700 τὸν

379 719 559 771 ᾸΙήλιον,
603 719 832 772 λαμβάνειν
875 718 1078 770 ἀργυρίου
1120 718 1328 770 τάλαντον,
1375 717 1448 758 ἐὰν
1491 718 1538 758 δέ
1576 734 1634 763 τις
1676 719 1812 765 ζῶντα
1854 719 2004 772 ἀγάγῃ,

379 777 607 830 λαμβάνειν
631 777 720 818 δύο.
758 776 856 817 Alio
879 776 972 817 loco
997 776 1117 827 (Nub.
1136 776 1234 827 831)
1257 776 1573 829 Aristophanes
1590 776 1810 819 Socratem
1827 777 2005 819 Melium

381 835 631 888 appellavit,
654 838 703 876 ut
726 835 764 876 ei
787 835 1053 887 impietatem
1078 835 1244 876 crimini
1268 836 1437 885 daretfl)
1502 835 1631 878 Cuius
1652 835 1836 877 hominis
1852 848 2005 878 nomen

381 900 423 935 et
456 894 577 935 facta
610 894 740 936 etiam
774 897 922 936 aetate
954 894 1195 946 posteriore
1226 894 1291 936 ita
1332 894 1517 936 omnium
1549 893 1593 935 in
1623 894 1829 936 memoria
1859 894 2006 947 fuisse,

381 959 429 995 ut
460 954 610 994 rhetor
643 958 731 994 tam
753 952 948 994 breviter
969 953 1022 994 de
1044 953 1118 994 illo
1142 965 1475 995 commemorans
1492 953 1628 995 verba
1644 965 1722 995 sua
1739 953 1793 995 ab
1811 953 2007 995 omnibus

382 1012 650 1053 intellectum
682 1011 737 1053 iri
770 1015 958 1064 putaret,
991 1011 1066 1053 vix
1089 1012 1355 1054 crediderim.
1404 1012 1527 1066 Quod
1549 1015 1693 1054 autem
1710 1012 1873 1054 Weber
1893 1025 1931 1064 p.
1951 1011 2005 1053 12

380 1075 598 1112 auctorem
632 1070 719 1112 illis
751 1072 774 1123 ξ
801 1071 852 1111 17
896 1070 1044 1113 verbis
1087 1072 1142 1113 ad
1183 1071 1430 1124 psephisma
1473 1071 1581 1112 illud
1613 1072 1666 1113 ab
1699 1070 2008 1124 Aristophanis

380 1129 616 1171 scholiasta
668 1129 848 1171 allatum
900 1133 1100 1182 spectare
1152 1130 1392 1172 arbitratus
1445 1134 1528 1183 est,
1581 1131 1693 1182 quod
1744 1129 2008 1182 posteriores

381 1188 632 1242 cognovisse
654 1188 889 1230 verisimile
920 1201 1005 1230 non
1029 1191 1154 1242 esset,
1186 1189 1312 1231 nimis
1334 1189 1545 1231 incertum
1578 1192 1655 1243 est,
1688 1201 1815 1241 quam
1845 1192 1895 1230 ut
1926 1189 2007 1231 hoc

381 1251 633 1300 argumento
666 1247 867 1289 nitamur.
930 1247 1026 1301 Qua
1056 1260 1160 1290 vero
1197 1248 1367 1290 ratione
1399 1255 1634 1290 commotus
1666 1247 1829 1290 Sluiter
1859 1260 1898 1300 p.
1923 1247 2007 1289 168

384 1306 517 1357 „nihil
550 1307 768 1348 rhetorem
799 1306 938 1360 magis
960 1319 1114 1360 sapere
1136 1309 1268 1359 atque
1290 1307 1623 1349 declamatorem
1646 1319 1773 1358 quam
1804 1307 2008 1348 iniectam

380 1365 600 1419 Diagorae
621 1365 742 1407 Melii
764 1365 1024 1407 mentionem
1053 1366 1076 1420 ξ
1101 1366 1167 1419 17,
1199 1366 1273 1408 ubi
1295 1366 1540 1408 Andocides
1558 1365 1775 1407 diceretur
1796 1366 2008 1419 Διαγόρου

381 1429 453 1465 τοῦ
485 1424 655 1478 Μηλίου
679 1425 948 1478 ἀσεβέστερος
979 1425 1258 1478 hyperbolice
1280 1426 1386 1467 adeo
1420 1428 1464 1467 et
1494 1437 1572 1477 per
1599 1426 1774 1479 αὔξησιν
1805 1424 2008 1477 sophisti-

383 1496 486 1536 cam,
519 1487 578 1536 ut,
613 1484 725 1535 quod
757 1483 796 1525 ei
829 1483 968 1525 simile
1001 1487 1126 1537 esset,
1164 1484 1208 1525 in
1239 1484 1400 1537 Lysiae
1432 1484 1700 1526 orationibus
1731 1496 1815 1525 non
1847 1484 2007 1536 reperi-

384 1542 546 1595 retur“,
579 1542 758 1584 difficile
781 1546 848 1584 est
869 1542 1108 1596 intellectu,
1139 1555 1238 1584 nam
1261 1555 1355 1585 cum
1377 1547 1560 1595 uterque
1576 1543 1786 1596 mysteria
1806 1543 2009 1595 profana-

381 1601 530 1653 visset,
563 1602 640 1643 hos
673 1602 778 1643 duos
809 1602 929 1644 viros
962 1602 1015 1644 ab
1049 1602 1221 1654 aequali
1253 1602 1297 1644 in
1321 1602 1682 1655 comparationem
1704 1605 1884 1644 vocatos
1916 1613 2010 1643 esse

382 1660 542 1702 nullam
574 1663 721 1702 movet
752 1661 1091 1703 admirationem.

499 1720 736 1761 Praeterea
784 1720 839 1761 ad
871 1720 1050 1762 Sluiteri
1093 1719 1352 1762 sententiam
1391 1720 1666 1762 refutandam
1697 1719 1861 1761 Weber
1892 1732 1930 1772 p.
1955 1719 2009 1761 16

384 1782 603 1820 auctorem
655 1778 843 1820 fortasse
893 1791 978 1821 non
1030 1779 1245 1821 dicturum
1291 1779 1425 1821 fuisse
1478 1779 1700 1821 contendit
1745 1779 2010 1820 Andocidem

383 1850 613 1889 numquam
646 1838 699 1879 de
730 1850 778 1880 re
808 1838 984 1890 publica
1016 1850 1109 1880 esse
1140 1839 1249 1880 bene
1280 1838 1479 1880 meritum
1509 1839 1570 1884 ὡς
1592 1837 1822 1892 στρατηγὸν
1845 1838 2010 1891 ἀγαθόν
2062 1853 2063 1877 ;

382 1897 496 1950 ξ46,
541 1897 642 1949 quia
673 1897 750 1938 illa
792 1901 939 1939 aetate
970 1897 1260 1939 Athenienses
1291 1909 1375 1939 non
1417 1897 1502 1939 iam
1544 1897 1660 1950 ipsos
1697 1896 1802 1938 belli
1833 1908 2011 1938 munera

383 1955 553 2009 obiisse,
585 1957 661 1998 sed
692 1955 903 1998 militibus
934 1957 1130 1998 mercede
1173 1956 1397 1998 conductis
1428 1968 1527 1998 usos
1561 1968 1654 1998 esse
1686 1959 1870 2000 constat.
1933 1955 2010 1998 Cui

383 2019 636 2068 argumento
669 2015 786 2057 haud
816 2028 1018 2069 magnum
1041 2016 1111 2057 vel
1143 2015 1307 2057 nullum
1339 2016 1505 2068 pondus
1527 2015 1803 2057 tribuendum
1824 2014 2010 2067 videtur,
2066 2036 2069 2045 1

382 2075 493 2125 quod
526 2074 617 2116 tale
650 2074 752 2126 quid
792 2074 943 2116 rhetor
981 2074 1162 2126 quilibet
1205 2074 1491 2127 posteriorum
1533 2078 1772 2127 temporum
1805 2073 2010 2116 facillime

383 2133 589 2186 effingere
620 2136 805 2186 poterat.

500 2192 793 2234 Wilamowitz
837 2192 1007 2244 quidem
1050 2192 1198 2239 (Arist.
1231 2204 1270 2234 11.
1293 2193 1439 2234 Athen
1470 2192 1515 2234 Π
1541 2192 1595 2233 74
1627 2204 1666 2234 n.
1689 2192 1729 2243 5)
1773 2191 2010 2233 orationem

382 2250 474 2292 litis
517 2251 652 2303 ipsius
696 2254 843 2293 aetate
887 2251 1173 2304 conscriptam
1218 2263 1311 2293 esse
1352 2251 1423 2294 vel
1464 2251 1564 2292 inde
1596 2263 1807 2303 apparere
1852 2254 2010 2303 censet,

383 2310 495 2361 quod
527 2310 550 2363 ξ
576 2309 630 2352 10
662 2310 844 2352 Periclis
886 2311 1021 2353 verba
1064 2311 1318 2352 laudantur:
1370 2311 1503 2351 καίτοι
1535 2310 1744 2363 Περικλέα
1776 2311 1878 2350 ποτέ
1908 2325 2011 2363 φασι

382 2371 630 2421 παραινέσαι
677 2371 776 2423 ὑμῖν
822 2370 916 2422 περὶ
962 2374 1046 2411 τῶν
1093 2370 1372 2423 ἀσεβούντων,
1418 2369 1478 2423 μὴ
1526 2369 1660 2422 μόνον
1701 2369 1886 2422 χρῆσθαι
1927 2372 2012 2414 τοῖς

384 2429 689 2481 γεγραμμένοις
721 2428 868 2481 νόμοις
899 2429 993 2480 περὶ
1026 2429 1177 2476 αὐτῶν,
1210 2428 1312 2469 ἀλλὰ
1341 2428 1412 2469 καὶ
1442 2432 1525 2473 τοῖς
1558 2429 1777 2481 ἀγράφοις,
1811 2428 1913 2468 καθ’
1936 2429 2012 2473 οὓς

383 2486 652 2539 Εὐμολπίδαι
694 2489 948 2541 ἐξηγοῦνται.
1012 2487 1133 2540 Quae
1164 2487 1347 2529 Periclis
1390 2487 1537 2540 verba,
1585 2499 1764 2539 quorum
1806 2486 2011 2528 memoria

385 2545 500 2587 inter
531 2546 812 2598 Eumolpidas
845 2550 963 2588 certe
996 2547 1068 2588 diu
1100 2546 1290 2600 vigebat,
1323 2546 1483 2599 optime
1506 2546 1708 2587 dicuntur
1739 2558 1765 2587 a
1786 2546 2013 2587 sacerdote

386 2616 439 2645 ex
472 2604 550 2646 illa
591 2609 722 2658 gente
755 2609 861 2659 orto,
904 2606 979 2647 sed
1022 2607 1076 2647 ad
1108 2606 1325 2647 rhetorem
1367 2605 1647 2658 posteriorem
1681 2617 1731 2646 ea
1763 2604 2013 2657 pervenisse

384 2663 457 2705 vix
491 2667 557 2705 est
590 2664 839 2716 credibile.⁷)

504 2781 529 2826 ὅ)
555 2783 609 2817 De
642 2783 807 2827 Diagora
846 2783 892 2818 cf.
919 2783 1190 2827 Wilamowitz,
1228 2782 1544 2827 Textgeschichte
1584 2783 1647 2817 der
1679 2782 1818 2827 griech.
1845 2781 2014 2825 Lyriker,
2076 2807 2077 2814 ,

384 2829 507 2863 Berlin
538 2828 638 2873 1900,
665 2841 699 2874 p.
717 2828 773 2863 so.
2075 2851 2077 2875 ¹,

507 2876 530 2918 ⁷)
558 2877 659 2920 Quod
687 2878 943 2912 documentum
978 2877 1098 2912 levius
1134 2877 1267 2912 habere
1302 2877 1449 2912 videtur
1477 2876 1608 2911 Weber
1634 2887 1667 2920 p.
1686 2874 1742 2917 23,
1778 2886 1857 2910 cum
1893 2875 2011 2910 dicat:

389 2924 546 2961 „Tamen
575 2924 605 2959 si
634 2925 714 2967 quis
742 2925 939 2959 existimat
972 2925 1154 2959 rhetorem
1183 2925 1419 2968 posteriorem
1452 2923 1607 2958 finxisse
1634 2924 1840 2966 loquentem
1867 2923 2012 2957 Eumol-

385 2970 520 3014 pidam,
551 2971 649 3016 quod
669 2971 746 3005 fleri
766 2982 869 3015 posse
884 2982 987 3006 nemo
1002 2971 1236 3015 infitiabitur,
1264 2972 1338 3006 solo
1354 2972 1420 3006 hoc
1437 2971 1514 3006 loco
1533 2981 1602 3005 non
1618 2971 1774 3005 multum
1790 2967 2011 3005 lucramur“.
