<?xml version="1.0" encoding="UTF-8"?>
<!DOCTYPE html PUBLIC "-//W3C//DTD XHTML 1.0 Transitional//EN"
    "http://www.w3.org/TR/xhtml1/DTD/xhtml1-transitional.dtd">
<html xmlns="http://www.w3.org/1999/xhtml" xml:lang="en" lang="en">
 <head>
  <title>
</title>
<meta http-equiv="Content-Type" content="text/html;charset=utf-8" />
  <meta name='ocr-system' content='tesseract 3.04.00' />
  <meta name='ocr-capabilities' content='ocr_page ocr_carea ocr_par ocr_line ocrx_word'/>
</head>
<body>
  <div class='ocr_page' id='page_1' title='image "./deorationekatand00begouoft_0047.png"; bbox 0 0 2077 3430; ppageno 0'>
   <div class='ocr_carea' id='block_1_1' title="bbox 60 481 1682 2068">
    <p class='ocr_par' dir='ltr' id='par_1_1' title="bbox 60 481 1674 593">
     <span class='ocr_line' id='line_1_1' title="bbox 63 481 1674 547; baseline 0.007 -26"><span class='ocrx_word' id='word_1_1' title='bbox 63 481 165 533; x_wconf 90' lang='lat' dir='ltr'>quia</span> <span class='ocrx_word' id='word_1_2' title='bbox 216 481 394 547; x_wconf 84' lang='lat' dir='ltr'>iuvenes</span> <span class='ocrx_word' id='word_1_3' title='bbox 441 483 612 526; x_wconf 73' lang='lat' dir='ltr'>facilius</span> <span class='ocrx_word' id='word_1_4' title='bbox 659 486 870 538; x_wconf 88' lang='lat' dir='ltr'>corrumpi</span> <span class='ocrx_word' id='word_1_5' title='bbox 916 487 1054 530; x_wconf 78' lang='lat' dir='ltr'>solent</span> <span class='ocrx_word' id='word_1_6' title='bbox 1101 501 1223 539; x_wconf 88' lang='lat' dir='ltr'>quam</span> <span class='ocrx_word' id='word_1_7' title='bbox 1272 490 1353 531; x_wconf 88' lang='lat' dir='ltr'>viri</span> <span class='ocrx_word' id='word_1_8' title='bbox 1401 494 1545 532; x_wconf 86' lang='lat' dir='ltr'>aetate</span> <span class='ocrx_word' id='word_1_9' title='bbox 1591 490 1674 531; x_wconf 89' lang='lat' dir='ltr'>iam</span> 
     </span>
     <span class='ocr_line' id='line_1_2' title="bbox 60 543 367 593; baseline 0.003 -12"><span class='ocrx_word' id='word_1_10' title='bbox 60 543 367 593; x_wconf 85' lang='lat' dir='ltr'>provectiores.</span> 
     </span>
    </p>

    <p class='ocr_par' dir='ltr' id='par_1_2' title="bbox 62 598 1682 2068">
     <span class='ocr_line' id='line_1_3' title="bbox 177 598 1675 664; baseline 0.006 -25"><span class='ocrx_word' id='word_1_11' title='bbox 177 598 299 664; x_wconf 60' lang='lat' dir='ltr'>Nihil</span> <span class='ocrx_word' id='word_1_12' title='bbox 330 600 572 651; x_wconf 88' lang='lat' dir='ltr'>proficimus</span> <span class='ocrx_word' id='word_1_13' title='bbox 601 602 643 642; x_wconf 91' lang='lat' dir='ltr'>in</span> <span class='ocrx_word' id='word_1_14' title='bbox 665 603 791 644; x_wconf 91' lang='lat' dir='ltr'>huius</span> <span class='ocrx_word' id='word_1_15' title='bbox 813 604 896 644; x_wconf 92' lang='lat' dir='ltr'>viri</span> <span class='ocrx_word' id='word_1_16' title='bbox 919 604 1103 657; x_wconf 78' lang='lat' dir='ltr'>imagine</span> <span class='ocrx_word' id='word_1_17' title='bbox 1127 606 1400 657; x_wconf 84' lang='lat' dir='ltr'>exprimenda</span> <span class='ocrx_word' id='word_1_18' title='bbox 1422 607 1530 659; x_wconf 89' lang='lat' dir='ltr'>inde,</span> <span class='ocrx_word' id='word_1_19' title='bbox 1564 608 1675 658; x_wconf 83' lang='lat' dir='ltr'>quod</span> 
     </span>
     <span class='ocr_line' id='line_1_4' title="bbox 63 658 1675 716; baseline 0.006 -18"><span class='ocrx_word' id='word_1_20' title='bbox 63 658 260 699; x_wconf 84' lang='lat' dir='ltr'>breviter</span> <span class='ocrx_word' id='word_1_21' title='bbox 293 670 387 699; x_wconf 88' lang='lat' dir='ltr'>eum</span> <span class='ocrx_word' id='word_1_22' title='bbox 420 666 747 702; x_wconf 83' lang='lat' dir='ltr'>commemorant</span> <span class='ocrx_word' id='word_1_23' title='bbox 779 662 917 714; x_wconf 83' lang='lat' dir='ltr'>Plato,</span> <span class='ocrx_word' id='word_1_24' title='bbox 956 663 1132 705; x_wconf 87' lang='lat' dir='ltr'>Theaet.</span> <span class='ocrx_word' id='word_1_25' title='bbox 1166 664 1250 705; x_wconf 87' lang='lat'>210</span> <span class='ocrx_word' id='word_1_26' title='bbox 1264 666 1300 716; x_wconf 90' lang='grc'>(1,</span> <span class='ocrx_word' id='word_1_27' title='bbox 1332 665 1439 706; x_wconf 82' lang='grc' dir='ltr'>Χ611.</span> <span class='ocrx_word' id='word_1_28' title='bbox 1469 666 1591 707; x_wconf 85' lang='lat' dir='ltr'>Mem.</span> <span class='ocrx_word' id='word_1_29' title='bbox 1614 665 1675 706; x_wconf 90' lang='lat' dir='ltr'>IV</span> 
     </span>
     <span class='ocr_line' id='line_1_5' title="bbox 64 716 1675 784; baseline 0.004 -27"><span class='ocrx_word' id='word_1_30' title='bbox 64 716 102 758; x_wconf 88' lang='grc'>4.</span> <span class='ocrx_word' id='word_1_31' title='bbox 126 716 164 769; x_wconf 88' lang='grc'>4,</span> <span class='ocrx_word' id='word_1_32' title='bbox 196 717 259 782; x_wconf 59' lang='lat' dir='ltr'>TV</span> <span class='ocrx_word' id='word_1_33' title='bbox 282 716 320 758; x_wconf 84' lang='lat'>8.</span> <span class='ocrx_word' id='word_1_34' title='bbox 342 717 381 769; x_wconf 82' lang='lat'>4,</span> <span class='ocrx_word' id='word_1_35' title='bbox 414 718 540 784; x_wconf 63' lang='lat' dir='ltr'>Apol3</span> <span class='ocrx_word' id='word_1_36' title='bbox 562 719 611 759; x_wconf 85' lang='lat'>11</span> <span class='ocrx_word' id='word_1_37' title='bbox 638 723 681 760; x_wconf 86' lang='lat' dir='ltr'>et</span> <span class='ocrx_word' id='word_1_38' title='bbox 706 720 770 772; x_wconf 82' lang='lat'>19,</span> <span class='ocrx_word' id='word_1_39' title='bbox 799 721 1069 775; x_wconf 84' lang='lat' dir='ltr'>Aristoteles,</span> <span class='ocrx_word' id='word_1_40' title='bbox 1099 723 1225 764; x_wconf 86' lang='lat' dir='ltr'>Rhet.</span> <span class='ocrx_word' id='word_1_41' title='bbox 1248 723 1315 764; x_wconf 89' lang='grc' dir='ltr'>ΠΙ</span> <span class='ocrx_word' id='word_1_42' title='bbox 1341 724 1392 763; x_wconf 87' lang='grc'>18</span> <span class='ocrx_word' id='word_1_43' title='bbox 1416 736 1453 775; x_wconf 90' lang='lat' dir='ltr'>p.</span> <span class='ocrx_word' id='word_1_44' title='bbox 1479 723 1627 764; x_wconf 79' lang='lat' dir='ltr'>1419a</span> <span class='ocrx_word' id='word_1_45' title='bbox 1649 724 1675 763; x_wconf 80' lang='lat'>9</span> 
     </span>
     <span class='ocr_line' id='line_1_6' title="bbox 63 778 1675 841; baseline 0.004 -25"><span class='ocrx_word' id='word_1_46' title='bbox 63 778 423 841; x_wconf 77' lang='lat' dir='ltr'>posterloresque,</span> <span class='ocrx_word' id='word_1_47' title='bbox 472 789 543 828; x_wconf 85' lang='lat' dir='ltr'>qui</span> <span class='ocrx_word' id='word_1_48' title='bbox 591 790 796 830; x_wconf 80' lang='lat' dir='ltr'>persaepe</span> <span class='ocrx_word' id='word_1_49' title='bbox 842 779 1032 821; x_wconf 85' lang='lat' dir='ltr'>Socratis</span> <span class='ocrx_word' id='word_1_50' title='bbox 1080 785 1374 822; x_wconf 78' lang='lat' dir='ltr'>accusatorum</span> <span class='ocrx_word' id='word_1_51' title='bbox 1420 782 1675 823; x_wconf 82' lang='lat' dir='ltr'>mentionem</span> 
     </span>
     <span class='ocr_line' id='line_1_7' title="bbox 62 834 1676 887; baseline 0.004 -12"><span class='ocrx_word' id='word_1_52' title='bbox 62 834 312 886; x_wconf 79' lang='lat' dir='ltr'>faciunt;²1)</span> <span class='ocrx_word' id='word_1_53' title='bbox 359 847 558 887; x_wconf 90' lang='lat' dir='ltr'>magnum</span> <span class='ocrx_word' id='word_1_54' title='bbox 604 840 746 878; x_wconf 90' lang='lat' dir='ltr'>autem</span> <span class='ocrx_word' id='word_1_55' title='bbox 792 842 1046 880; x_wconf 80' lang='lat' dir='ltr'>momentum</span> <span class='ocrx_word' id='word_1_56' title='bbox 1095 839 1227 881; x_wconf 90' lang='lat' dir='ltr'>habet</span> <span class='ocrx_word' id='word_1_57' title='bbox 1268 840 1385 881; x_wconf 90' lang='lat' dir='ltr'>locus</span> <span class='ocrx_word' id='word_1_58' title='bbox 1427 840 1676 881; x_wconf 87' lang='lat' dir='ltr'>Platonicus</span> 
     </span>
     <span class='ocr_line' id='line_1_8' title="bbox 63 892 1675 950; baseline 0.002 -15"><span class='ocrx_word' id='word_1_59' title='bbox 63 893 187 945; x_wconf 87' lang='lat' dir='ltr'>Apol.</span> <span class='ocrx_word' id='word_1_60' title='bbox 211 892 323 934; x_wconf 82' lang='lat' dir='ltr'>23e:</span> <span class='ocrx_word' id='word_1_61' title='bbox 366 894 413 934; x_wconf 74' lang='grc' dir='ltr'>ἐκ</span> <span class='ocrx_word' id='word_1_62' title='bbox 455 895 614 935; x_wconf 83' lang='grc' dir='ltr'><em>τούτων</em></span> <span class='ocrx_word' id='word_1_63' title='bbox 656 896 726 935; x_wconf 79' lang='grc' dir='ltr'>καὶ</span> <span class='ocrx_word' id='word_1_64' title='bbox 758 896 950 950; x_wconf 63' lang='grc' dir='ltr'><em>ΒΙέλητός</em></span> <span class='ocrx_word' id='word_1_65' title='bbox 986 914 1058 950; x_wconf 86' lang='grc' dir='ltr'>μοι</span> <span class='ocrx_word' id='word_1_66' title='bbox 1090 899 1260 938; x_wconf 74' lang='grc' dir='ltr'><em>ἐπέθετο</em></span> <span class='ocrx_word' id='word_1_67' title='bbox 1293 899 1361 938; x_wconf 81' lang='grc' dir='ltr'>καὶ</span> <span class='ocrx_word' id='word_1_68' title='bbox 1393 899 1575 943; x_wconf 71' lang='grc' dir='ltr'><em>’Ἄνυτος</em></span> <span class='ocrx_word' id='word_1_69' title='bbox 1606 899 1675 938; x_wconf 83' lang='grc' dir='ltr'>καὶ</span> 
     </span>
     <span class='ocr_line' id='line_1_9' title="bbox 62 950 1676 1018; baseline 0.003 -25"><span class='ocrx_word' id='word_1_70' title='bbox 62 952 237 1018; x_wconf 71' lang='grc' dir='ltr'>Λύκων,</span> <span class='ocrx_word' id='word_1_71' title='bbox 275 951 469 1005; x_wconf 63' lang='lat' dir='ltr'>Me&#39;hyzog</span> <span class='ocrx_word' id='word_1_72' title='bbox 510 953 587 1005; x_wconf 84' lang='grc' dir='ltr'>μὲν</span> <span class='ocrx_word' id='word_1_73' title='bbox 628 954 733 1006; x_wconf 81' lang='grc' dir='ltr'><em>ὑπὲρ</em></span> <span class='ocrx_word' id='word_1_74' title='bbox 774 959 857 995; x_wconf 83' lang='grc' dir='ltr'>τῶν</span> <span class='ocrx_word' id='word_1_75' title='bbox 898 960 1082 1009; x_wconf 81' lang='grc' dir='ltr'><em>ποιητῶν</em></span> <span class='ocrx_word' id='word_1_76' title='bbox 1115 957 1366 1009; x_wconf 71' lang='grc' dir='ltr'><em>ἀχθόμενος,</em></span> <span class='ocrx_word' id='word_1_77' title='bbox 1399 958 1510 998; x_wconf 83' lang='lat' dir='ltr'>unde</span> <span class='ocrx_word' id='word_1_78' title='bbox 1541 950 1676 1008; x_wconf 66' lang='lat' dir='ltr'>liquet</span> 
     </span>
     <span class='ocr_line' id='line_1_10' title="bbox 65 1011 1676 1077; baseline 0.002 -24"><span class='ocrx_word' id='word_1_79' title='bbox 65 1011 258 1077; x_wconf 58' lang='lat' dir='ltr'>Socratis</span> <span class='ocrx_word' id='word_1_80' title='bbox 291 1011 541 1053; x_wconf 86' lang='lat' dir='ltr'>adversario</span> <span class='ocrx_word' id='word_1_81' title='bbox 573 1013 910 1055; x_wconf 85' lang='lat' dir='ltr'>necessitudines</span> <span class='ocrx_word' id='word_1_82' title='bbox 933 1014 1229 1066; x_wconf 87' lang='lat' dir='ltr'>amicitiasque</span> <span class='ocrx_word' id='word_1_83' title='bbox 1257 1015 1390 1056; x_wconf 82' lang='lat' dir='ltr'>fuisse</span> <span class='ocrx_word' id='word_1_84' title='bbox 1413 1028 1505 1057; x_wconf 91' lang='lat' dir='ltr'>cum</span> <span class='ocrx_word' id='word_1_85' title='bbox 1528 1015 1676 1067; x_wconf 88' lang='lat' dir='ltr'>poetis,</span> 
     </span>
     <span class='ocr_line' id='line_1_11' title="bbox 64 1070 1676 1126; baseline 0.002 -16"><span class='ocrx_word' id='word_1_86' title='bbox 64 1082 191 1111; x_wconf 83' lang='lat' dir='ltr'>immo</span> <span class='ocrx_word' id='word_1_87' title='bbox 233 1082 372 1122; x_wconf 85' lang='lat' dir='ltr'>ipsum</span> <span class='ocrx_word' id='word_1_88' title='bbox 415 1074 585 1122; x_wconf 90' lang='lat' dir='ltr'>poetam</span> <span class='ocrx_word' id='word_1_89' title='bbox 618 1070 751 1113; x_wconf 79' lang='lat' dir='ltr'>fuisse</span> <span class='ocrx_word' id='word_1_90' title='bbox 782 1073 1089 1123; x_wconf 83' lang='lat' dir='ltr'>probabilitate</span> <span class='ocrx_word' id='word_1_91' title='bbox 1120 1073 1291 1115; x_wconf 90' lang='lat' dir='ltr'>minime</span> <span class='ocrx_word' id='word_1_92' title='bbox 1324 1078 1452 1115; x_wconf 90' lang='lat' dir='ltr'>caret.</span> <span class='ocrx_word' id='word_1_93' title='bbox 1515 1073 1596 1126; x_wconf 80' lang='lat' dir='ltr'>Qui</span> <span class='ocrx_word' id='word_1_94' title='bbox 1628 1073 1676 1125; x_wconf 81' lang='lat' dir='ltr'>si,</span> 
     </span>
     <span class='ocr_line' id='line_1_12' title="bbox 66 1128 1677 1195; baseline 0.001 -25"><span class='ocrx_word' id='word_1_95' title='bbox 66 1141 149 1181; x_wconf 88' lang='lat' dir='ltr'>quo</span> <span class='ocrx_word' id='word_1_96' title='bbox 192 1132 385 1195; x_wconf 84' lang='lat' dir='ltr'>tempore</span> <span class='ocrx_word' id='word_1_97' title='bbox 418 1128 618 1170; x_wconf 84' lang='lat' dir='ltr'>Socrates</span> <span class='ocrx_word' id='word_1_98' title='bbox 661 1134 885 1171; x_wconf 86' lang='lat' dir='ltr'>accusatus</span> <span class='ocrx_word' id='word_1_99' title='bbox 927 1135 1003 1184; x_wconf 90' lang='lat' dir='ltr'>est,</span> <span class='ocrx_word' id='word_1_100' title='bbox 1045 1132 1130 1173; x_wconf 79' lang='lat' dir='ltr'>fuit</span> <span class='ocrx_word' id='word_1_101' title='bbox 1172 1132 1330 1173; x_wconf 88' lang='lat' dir='ltr'>aetatis</span> <span class='ocrx_word' id='word_1_102' title='bbox 1370 1145 1452 1173; x_wconf 90' lang='lat' dir='ltr'>non</span> <span class='ocrx_word' id='word_1_103' title='bbox 1483 1135 1677 1173; x_wconf 85' lang='lat' dir='ltr'>maturae</span> 
     </span>
     <span class='ocr_line' id='line_1_13' title="bbox 67 1188 1676 1243; baseline 0 -13"><span class='ocrx_word' id='word_1_104' title='bbox 67 1191 199 1240; x_wconf 87' lang='lat' dir='ltr'>atque</span> <span class='ocrx_word' id='word_1_105' title='bbox 240 1191 426 1241; x_wconf 82' lang='lat' dir='ltr'>ignotus.</span> <span class='ocrx_word' id='word_1_106' title='bbox 468 1200 551 1229; x_wconf 92' lang='lat' dir='ltr'>non</span> <span class='ocrx_word' id='word_1_107' title='bbox 589 1188 699 1229; x_wconf 89' lang='lat' dir='ltr'>idem</span> <span class='ocrx_word' id='word_1_108' title='bbox 732 1189 816 1230; x_wconf 70' lang='lat' dir='ltr'>fuit</span> <span class='ocrx_word' id='word_1_109' title='bbox 848 1193 977 1241; x_wconf 86' lang='lat' dir='ltr'>atque</span> <span class='ocrx_word' id='word_1_110' title='bbox 1008 1194 1136 1242; x_wconf 89' lang='lat' dir='ltr'>poeta</span> <span class='ocrx_word' id='word_1_111' title='bbox 1168 1191 1370 1243; x_wconf 86' lang='lat' dir='ltr'>tragicus.</span> <span class='ocrx_word' id='word_1_112' title='bbox 1413 1203 1534 1242; x_wconf 86' lang='lat' dir='ltr'>quem</span> <span class='ocrx_word' id='word_1_113' title='bbox 1568 1202 1676 1231; x_wconf 88' lang='lat' dir='ltr'>anno</span> 
     </span>
     <span class='ocr_line' id='line_1_14' title="bbox 66 1246 1678 1301; baseline 0 -12"><span class='ocrx_word' id='word_1_114' title='bbox 66 1247 160 1289; x_wconf 76' lang='lat' dir='ltr'>fere</span> <span class='ocrx_word' id='word_1_115' title='bbox 192 1246 340 1291; x_wconf 76' lang='lat'>42312)</span> <span class='ocrx_word' id='word_1_116' title='bbox 384 1247 438 1288; x_wconf 90' lang='lat' dir='ltr'>ab</span> <span class='ocrx_word' id='word_1_117' title='bbox 470 1247 761 1299; x_wconf 85' lang='lat' dir='ltr'>Aristophane</span> <span class='ocrx_word' id='word_1_118' title='bbox 798 1248 841 1288; x_wconf 91' lang='lat' dir='ltr'>in</span> <span class='ocrx_word' id='word_1_119' title='bbox 873 1248 1086 1301; x_wconf 77' lang='grc' dir='ltr'><em>Γεωργοῖς</em></span> <span class='ocrx_word' id='word_1_120' title='bbox 1117 1249 1288 1290; x_wconf 89' lang='lat' dir='ltr'>irrisum</span> <span class='ocrx_word' id='word_1_121' title='bbox 1320 1262 1412 1291; x_wconf 88' lang='lat' dir='ltr'>esse</span> <span class='ocrx_word' id='word_1_122' title='bbox 1444 1248 1678 1290; x_wconf 84' lang='lat' dir='ltr'>scholiasta</span> 
     </span>
     <span class='ocr_line' id='line_1_15' title="bbox 67 1305 1675 1360; baseline -0.001 -12"><span class='ocrx_word' id='word_1_123' title='bbox 67 1307 122 1348; x_wconf 89' lang='lat' dir='ltr'>ad</span> <span class='ocrx_word' id='word_1_124' title='bbox 143 1305 257 1348; x_wconf 88' lang='lat' dir='ltr'>Plat.</span> <span class='ocrx_word' id='word_1_125' title='bbox 279 1306 403 1358; x_wconf 89' lang='lat' dir='ltr'>Apol.</span> <span class='ocrx_word' id='word_1_126' title='bbox 428 1306 520 1347; x_wconf 84' lang='grc'>1810</span> <span class='ocrx_word' id='word_1_127' title='bbox 545 1306 756 1359; x_wconf 85' lang='lat' dir='ltr'>(Blaydes,</span> <span class='ocrx_word' id='word_1_128' title='bbox 788 1307 1090 1359; x_wconf 87' lang='lat' dir='ltr'>Aristophanis</span> <span class='ocrx_word' id='word_1_129' title='bbox 1113 1308 1263 1360; x_wconf 77' lang='lat' dir='ltr'>fragm.</span> <span class='ocrx_word' id='word_1_130' title='bbox 1286 1321 1323 1359; x_wconf 89' lang='lat' dir='ltr'>p.</span> <span class='ocrx_word' id='word_1_131' title='bbox 1347 1307 1442 1360; x_wconf 81' lang='lat'>227,</span> <span class='ocrx_word' id='word_1_132' title='bbox 1466 1307 1547 1360; x_wconf 80' lang='lat' dir='ltr'>frg.</span> <span class='ocrx_word' id='word_1_133' title='bbox 1569 1307 1675 1357; x_wconf 72' lang='lat'>4383</span> 
     </span>
     <span class='ocr_line' id='line_1_16' title="bbox 67 1364 1678 1419; baseline 0.001 -12"><span class='ocrx_word' id='word_1_134' title='bbox 67 1365 194 1407; x_wconf 89' lang='lat' dir='ltr'>Kock</span> <span class='ocrx_word' id='word_1_135' title='bbox 215 1365 237 1406; x_wconf 91' lang='lat' dir='ltr'>I</span> <span class='ocrx_word' id='word_1_136' title='bbox 269 1377 307 1417; x_wconf 90' lang='lat' dir='ltr'>p.</span> <span class='ocrx_word' id='word_1_137' title='bbox 331 1364 428 1417; x_wconf 88' lang='lat'>420,</span> <span class='ocrx_word' id='word_1_138' title='bbox 460 1364 542 1417; x_wconf 73' lang='lat' dir='ltr'>frg.</span> <span class='ocrx_word' id='word_1_139' title='bbox 572 1365 655 1405; x_wconf 91' lang='grc'>114</span> <span class='ocrx_word' id='word_1_140' title='bbox 689 1368 732 1406; x_wconf 89' lang='lat' dir='ltr'>et</span> <span class='ocrx_word' id='word_1_141' title='bbox 762 1366 784 1406; x_wconf 88' lang='lat' dir='ltr'>I</span> <span class='ocrx_word' id='word_1_142' title='bbox 815 1378 852 1417; x_wconf 94' lang='lat' dir='ltr'>p.</span> <span class='ocrx_word' id='word_1_143' title='bbox 876 1365 971 1419; x_wconf 81' lang='lat'>505,</span> <span class='ocrx_word' id='word_1_144' title='bbox 1004 1366 1084 1419; x_wconf 72' lang='lat' dir='ltr'>frg.</span> <span class='ocrx_word' id='word_1_145' title='bbox 1113 1365 1210 1417; x_wconf 78' lang='lat'>438)</span> <span class='ocrx_word' id='word_1_146' title='bbox 1245 1367 1388 1407; x_wconf 87' lang='lat' dir='ltr'>docet:</span> <span class='ocrx_word' id='word_1_147' title='bbox 1434 1366 1678 1418; x_wconf 78' lang='grc' dir='ltr'><em>Τραγῳδίας</em></span> 
     </span>
     <span class='ocr_line' id='line_1_17' title="bbox 68 1423 1678 1478; baseline -0.002 -13"><span class='ocrx_word' id='word_1_148' title='bbox 68 1424 230 1478; x_wconf 80' lang='grc' dir='ltr'><em>φαῦλος</em></span> <span class='ocrx_word' id='word_1_149' title='bbox 257 1425 443 1477; x_wconf 84' lang='grc' dir='ltr'><em>ποιητής,</em></span> <span class='ocrx_word' id='word_1_150' title='bbox 485 1423 604 1477; x_wconf 78' lang='grc' dir='ltr'><em>Θρᾷξ</em></span> <span class='ocrx_word' id='word_1_151' title='bbox 626 1425 743 1476; x_wconf 76' lang='grc' dir='ltr'><em>γένος</em></span> <span class='ocrx_word' id='word_1_152' title='bbox 766 1425 828 1470; x_wconf 85' lang='grc' dir='ltr'><em>ὡς</em></span> <span class='ocrx_word' id='word_1_153' title='bbox 848 1425 1146 1478; x_wconf 77' lang='grc' dir='ltr'><em>Ἀριστοφάνης</em></span> <span class='ocrx_word' id='word_1_154' title='bbox 1168 1425 1412 1478; x_wconf 77' lang='grc' dir='ltr'>Βατράχοις,</span> <span class='ocrx_word' id='word_1_155' title='bbox 1443 1424 1678 1475; x_wconf 73' lang='grc' dir='ltr'><em>Πελαργοῖς</em></span> 
     </span>
     <span class='ocr_line' id='line_1_18' title="bbox 67 1482 1679 1536; baseline -0.002 -12"><span class='ocrx_word' id='word_1_156' title='bbox 67 1483 205 1524; x_wconf 87' lang='grc' dir='ltr'><strong><em>Λαΐου</em></strong></span> <span class='ocrx_word' id='word_1_157' title='bbox 248 1482 341 1524; x_wconf 81' lang='grc' dir='ltr'><em>υἱὸν</em></span> <span class='ocrx_word' id='word_1_158' title='bbox 379 1482 505 1523; x_wconf 78' lang='grc' dir='ltr'><em>αὐτὸν</em></span> <span class='ocrx_word' id='word_1_159' title='bbox 537 1483 681 1535; x_wconf 78' lang='grc' dir='ltr'>λέγων,</span> <span class='ocrx_word' id='word_1_160' title='bbox 722 1484 808 1523; x_wconf 79' lang='grc' dir='ltr'><strong><em>ἐπεὶ</em></strong></span> <span class='ocrx_word' id='word_1_161' title='bbox 839 1482 876 1535; x_wconf 80' lang='grc' dir='ltr'><em>ᾧ</em></span> <span class='ocrx_word' id='word_1_162' title='bbox 908 1484 981 1524; x_wconf 80' lang='grc' dir='ltr'><em>ἔτει</em></span> <span class='ocrx_word' id='word_1_163' title='bbox 1013 1483 1223 1536; x_wconf 77' lang='grc' dir='ltr'><em>Πελαργοὶ</em></span> <span class='ocrx_word' id='word_1_164' title='bbox 1256 1484 1522 1524; x_wconf 74' lang='grc' dir='ltr'><em>ἐδιδάσκοντο</em></span> <span class='ocrx_word' id='word_1_165' title='bbox 1554 1482 1623 1522; x_wconf 79' lang='grc' dir='ltr'>καὶ</span> <span class='ocrx_word' id='word_1_166' title='bbox 1656 1482 1679 1521; x_wconf 85' lang='grc' dir='ltr'>ὁ</span> 
     </span>
     <span class='ocr_line' id='line_1_19' title="bbox 67 1540 1679 1596; baseline -0.002 -13"><span class='ocrx_word' id='word_1_167' title='bbox 67 1542 264 1596; x_wconf 82' lang='grc' dir='ltr'><em>Μέλητος</em></span> <span class='ocrx_word' id='word_1_168' title='bbox 302 1541 568 1583; x_wconf 79' lang='grc' dir='ltr'><em>Οἰδιπόδειαν</em></span> <span class='ocrx_word' id='word_1_169' title='bbox 600 1543 800 1595; x_wconf 73' lang='grc' dir='ltr'>καθῆκεν,</span> <span class='ocrx_word' id='word_1_170' title='bbox 834 1543 894 1587; x_wconf 84' lang='grc' dir='ltr'><em>ὡς</em></span> <span class='ocrx_word' id='word_1_171' title='bbox 924 1543 1196 1595; x_wconf 76' lang='grc' dir='ltr'><em>Ἀριστοτέλης</em></span> <span class='ocrx_word' id='word_1_172' title='bbox 1228 1542 1527 1588; x_wconf 76' lang='grc' dir='ltr'><em>Διδασκαλίαις,</em></span> <span class='ocrx_word' id='word_1_173' title='bbox 1560 1541 1602 1581; x_wconf 79' lang='grc' dir='ltr'>ἕν</span> <span class='ocrx_word' id='word_1_174' title='bbox 1635 1540 1679 1580; x_wconf 82' lang='grc' dir='ltr'>ὁὲ</span> 
     </span>
     <span class='ocr_line' id='line_1_20' title="bbox 70 1599 1680 1654; baseline -0.002 -11"><span class='ocrx_word' id='word_1_175' title='bbox 70 1602 289 1654; x_wconf 82' lang='grc' dir='ltr'><em>Γεωργοῖς</em></span> <span class='ocrx_word' id='word_1_176' title='bbox 312 1601 373 1646; x_wconf 83' lang='grc' dir='ltr'><em>ὡς</em></span> <span class='ocrx_word' id='word_1_177' title='bbox 398 1601 582 1641; x_wconf 79' lang='grc' dir='ltr'><em>Καλλίαν</em></span> <span class='ocrx_word' id='word_1_178' title='bbox 603 1602 869 1652; x_wconf 71' lang='grc' dir='ltr'><em>περαίνοντος</em></span> <span class='ocrx_word' id='word_1_179' title='bbox 891 1601 1018 1641; x_wconf 77' lang='grc' dir='ltr'><em>αὐτοῦ</em></span> <span class='ocrx_word' id='word_1_180' title='bbox 1039 1602 1252 1653; x_wconf 80' lang='grc' dir='ltr'><em>μέμνηται.</em></span> <span class='ocrx_word' id='word_1_181' title='bbox 1295 1600 1388 1653; x_wconf 81' lang='lat' dir='ltr'>Qua</span> <span class='ocrx_word' id='word_1_182' title='bbox 1410 1612 1455 1641; x_wconf 83' lang='lat' dir='ltr'>re</span> <span class='ocrx_word' id='word_1_183' title='bbox 1481 1599 1680 1652; x_wconf 82' lang='lat' dir='ltr'>cogimur,</span> 
     </span>
     <span class='ocr_line' id='line_1_21' title="bbox 70 1658 1680 1712; baseline -0.003 -10"><span class='ocrx_word' id='word_1_184' title='bbox 70 1667 119 1703; x_wconf 92' lang='lat' dir='ltr'>ut</span> <span class='ocrx_word' id='word_1_185' title='bbox 162 1660 284 1702; x_wconf 91' lang='lat' dir='ltr'>illum</span> <span class='ocrx_word' id='word_1_186' title='bbox 325 1663 497 1712; x_wconf 91' lang='lat' dir='ltr'>poetam</span> <span class='ocrx_word' id='word_1_187' title='bbox 539 1659 752 1712; x_wconf 87' lang='lat' dir='ltr'>tragicum</span> <span class='ocrx_word' id='word_1_188' title='bbox 791 1672 816 1700; x_wconf 90' lang='lat' dir='ltr'>a</span> <span class='ocrx_word' id='word_1_189' title='bbox 848 1659 1037 1700; x_wconf 87' lang='lat' dir='ltr'>Socratis</span> <span class='ocrx_word' id='word_1_190' title='bbox 1080 1662 1328 1700; x_wconf 86' lang='lat' dir='ltr'>accusatore</span> <span class='ocrx_word' id='word_1_191' title='bbox 1360 1658 1680 1699; x_wconf 87' lang='lat' dir='ltr'>discernendum</span> 
     </span>
     <span class='ocr_line' id='line_1_22' title="bbox 71 1716 1679 1772; baseline -0.004 -10"><span class='ocrx_word' id='word_1_192' title='bbox 71 1732 165 1762; x_wconf 88' lang='lat' dir='ltr'>esse</span> <span class='ocrx_word' id='word_1_193' title='bbox 196 1723 407 1772; x_wconf 87' lang='lat' dir='ltr'>putemus,</span> <span class='ocrx_word' id='word_1_194' title='bbox 452 1718 648 1770; x_wconf 89' lang='lat' dir='ltr'>quoniam</span> <span class='ocrx_word' id='word_1_195' title='bbox 690 1718 770 1759; x_wconf 89' lang='lat' dir='ltr'>hoc</span> <span class='ocrx_word' id='word_1_196' title='bbox 806 1718 880 1759; x_wconf 89' lang='lat' dir='ltr'>ille</span> <span class='ocrx_word' id='word_1_197' title='bbox 917 1721 1063 1759; x_wconf 90' lang='lat' dir='ltr'>aetate</span> <span class='ocrx_word' id='word_1_198' title='bbox 1094 1717 1338 1769; x_wconf 84' lang='lat' dir='ltr'>provectior</span> <span class='ocrx_word' id='word_1_199' title='bbox 1369 1720 1473 1758; x_wconf 86' lang='lat' dir='ltr'>erat.</span> <span class='ocrx_word' id='word_1_200' title='bbox 1534 1716 1679 1766; x_wconf 87' lang='lat' dir='ltr'>Neque</span> 
     </span>
     <span class='ocr_line' id='line_1_23' title="bbox 69 1773 1680 1833; baseline -0.005 -12"><span class='ocrx_word' id='word_1_201' title='bbox 69 1779 207 1833; x_wconf 87' lang='lat' dir='ltr'>igitur</span> <span class='ocrx_word' id='word_1_202' title='bbox 249 1781 326 1832; x_wconf 90' lang='lat' dir='ltr'>est,</span> <span class='ocrx_word' id='word_1_203' title='bbox 373 1779 484 1830; x_wconf 90' lang='lat' dir='ltr'>quod</span> <span class='ocrx_word' id='word_1_204' title='bbox 526 1778 580 1819; x_wconf 87' lang='lat' dir='ltr'>ad</span> <span class='ocrx_word' id='word_1_205' title='bbox 611 1777 791 1830; x_wconf 88' lang='lat' dir='ltr'>Bergkii</span> <span class='ocrx_word' id='word_1_206' title='bbox 834 1776 1119 1818; x_wconf 90' lang='lat' dir='ltr'>coniecturam</span> <span class='ocrx_word' id='word_1_207' title='bbox 1150 1776 1334 1817; x_wconf 88' lang='lat' dir='ltr'>Webero</span> <span class='ocrx_word' id='word_1_208' title='bbox 1378 1782 1426 1827; x_wconf 81' lang='lat' dir='ltr'>(p.</span> <span class='ocrx_word' id='word_1_209' title='bbox 1449 1774 1504 1816; x_wconf 78' lang='lat'>35</span> <span class='ocrx_word' id='word_1_210' title='bbox 1537 1776 1580 1815; x_wconf 89' lang='lat' dir='ltr'>et</span> <span class='ocrx_word' id='word_1_211' title='bbox 1611 1773 1680 1822; x_wconf 74' lang='lat'>36)</span> 
     </span>
     <span class='ocr_line' id='line_1_24' title="bbox 71 1832 1681 1892; baseline -0.004 -12"><span class='ocrx_word' id='word_1_212' title='bbox 71 1838 300 1892; x_wconf 88' lang='lat' dir='ltr'>probatam</span> <span class='ocrx_word' id='word_1_213' title='bbox 349 1837 655 1890; x_wconf 78' lang='lat' dir='ltr'>confugiamus,</span> <span class='ocrx_word' id='word_1_214' title='bbox 709 1836 780 1887; x_wconf 93' lang='lat' dir='ltr'>qui</span> <span class='ocrx_word' id='word_1_215' title='bbox 831 1836 895 1877; x_wconf 90' lang='lat' dir='ltr'>ita</span> <span class='ocrx_word' id='word_1_216' title='bbox 941 1838 1286 1888; x_wconf 86' lang='lat' dir='ltr'>argumentatur:</span> <span class='ocrx_word' id='word_1_217' title='bbox 1342 1834 1561 1886; x_wconf 86' lang='lat' dir='ltr'>„Meletus,</span> <span class='ocrx_word' id='word_1_218' title='bbox 1609 1832 1681 1883; x_wconf 87' lang='lat' dir='ltr'>qui</span> 
     </span>
     <span class='ocr_line' id='line_1_25' title="bbox 73 1890 1679 1948; baseline -0.005 -9"><span class='ocrx_word' id='word_1_219' title='bbox 73 1897 278 1940; x_wconf 82' lang='lat' dir='ltr'>extremis</span> <span class='ocrx_word' id='word_1_220' title='bbox 319 1896 425 1938; x_wconf 90' lang='lat' dir='ltr'>belli</span> <span class='ocrx_word' id='word_1_221' title='bbox 466 1894 818 1948; x_wconf 87' lang='lat' dir='ltr'>Peloponnesiaci</span> <span class='ocrx_word' id='word_1_222' title='bbox 861 1894 982 1936; x_wconf 90' lang='lat' dir='ltr'>annis</span> <span class='ocrx_word' id='word_1_223' title='bbox 1024 1893 1270 1947; x_wconf 88' lang='lat' dir='ltr'>tragoedias</span> <span class='ocrx_word' id='word_1_224' title='bbox 1312 1892 1483 1944; x_wconf 89' lang='lat' dir='ltr'>scripsit</span> <span class='ocrx_word' id='word_1_225' title='bbox 1525 1890 1679 1942; x_wconf 89' lang='lat' dir='ltr'>quique</span> 
     </span>
     <span class='ocr_line' id='line_1_26' title="bbox 73 1950 1681 2007; baseline -0.006 -9"><span class='ocrx_word' id='word_1_226' title='bbox 73 1956 267 1999; x_wconf 86' lang='lat' dir='ltr'>Socratis</span> <span class='ocrx_word' id='word_1_227' title='bbox 300 1955 473 1997; x_wconf 82' lang='lat' dir='ltr'>exstitit</span> <span class='ocrx_word' id='word_1_228' title='bbox 505 1958 741 2007; x_wconf 86' lang='lat' dir='ltr'>accusator,</span> <span class='ocrx_word' id='word_1_229' title='bbox 781 1957 925 1995; x_wconf 89' lang='lat' dir='ltr'>aetate</span> <span class='ocrx_word' id='word_1_230' title='bbox 955 1953 1092 1993; x_wconf 90' lang='lat' dir='ltr'>minor</span> <span class='ocrx_word' id='word_1_231' title='bbox 1122 1952 1314 2004; x_wconf 76' lang='lat' dir='ltr'>profecto</span> <span class='ocrx_word' id='word_1_232' title='bbox 1347 1951 1478 1992; x_wconf 74' lang='lat' dir='ltr'>fuisse</span> <span class='ocrx_word' id='word_1_233' title='bbox 1509 1950 1681 1991; x_wconf 90' lang='lat' dir='ltr'>videtur</span> 
     </span>
     <span class='ocr_line' id='line_1_27' title="bbox 75 2007 1682 2068; baseline -0.007 -10"><span class='ocrx_word' id='word_1_234' title='bbox 75 2028 202 2068; x_wconf 90' lang='lat' dir='ltr'>quam</span> <span class='ocrx_word' id='word_1_235' title='bbox 256 2015 439 2066; x_wconf 72' lang='lat' dir='ltr'>Callias,</span> <span class='ocrx_word' id='word_1_236' title='bbox 490 2014 639 2065; x_wconf 90' lang='lat' dir='ltr'>itaque</span> <span class='ocrx_word' id='word_1_237' title='bbox 691 2025 838 2065; x_wconf 89' lang='lat' dir='ltr'>parum</span> <span class='ocrx_word' id='word_1_238' title='bbox 884 2011 1106 2064; x_wconf 87' lang='lat' dir='ltr'>probabile</span> <span class='ocrx_word' id='word_1_239' title='bbox 1154 2014 1219 2051; x_wconf 89' lang='lat' dir='ltr'>est</span> <span class='ocrx_word' id='word_1_240' title='bbox 1263 2009 1592 2061; x_wconf 81' lang='lat' dir='ltr'>Aristophanem</span> <span class='ocrx_word' id='word_1_241' title='bbox 1638 2007 1682 2047; x_wconf 90' lang='lat' dir='ltr'>in</span> 
     </span>
    </p>
   </div>
   <div class='ocr_carea' id='block_1_2' title="bbox 69 2123 354 2128">
    <p class='ocr_par' dir='ltr' id='par_1_3' title="bbox 69 2123 354 2128">
     <span class='ocr_line' id='line_1_28' title="bbox 69 2123 354 2128; baseline 0 0"><span class='ocrx_word' id='word_1_242' title='bbox 69 2123 354 2128; x_wconf 95' lang='lat' dir='ltr'> </span> 
     </span>
    </p>
   </div>
   <div class='ocr_carea' id='block_1_3' title="bbox 74 2172 1689 3031">
    <p class='ocr_par' dir='ltr' id='par_1_4' title="bbox 74 2172 1684 2510">
     <span class='ocr_line' id='line_1_29' title="bbox 74 2172 1682 2227; baseline -0.009 -9"><span class='ocrx_word' id='word_1_243' title='bbox 74 2195 95 2218; x_wconf 87' lang='lat' dir='ltr'>a</span> <span class='ocrx_word' id='word_1_244' title='bbox 120 2183 254 2227; x_wconf 87' lang='lat' dir='ltr'>populo</span> <span class='ocrx_word' id='word_1_245' title='bbox 280 2181 414 2225; x_wconf 88' lang='lat' dir='ltr'>capitis</span> <span class='ocrx_word' id='word_1_246' title='bbox 441 2190 518 2215; x_wconf 88' lang='lat' dir='ltr'>esse</span> <span class='ocrx_word' id='word_1_247' title='bbox 537 2180 747 2214; x_wconf 88' lang='lat' dir='ltr'>damnatum</span> <span class='ocrx_word' id='word_1_248' title='bbox 765 2178 862 2212; x_wconf 89' lang='lat' dir='ltr'>haud</span> <span class='ocrx_word' id='word_1_249' title='bbox 880 2177 986 2221; x_wconf 84' lang='lat' dir='ltr'>pauci</span> <span class='ocrx_word' id='word_1_250' title='bbox 1004 2176 1198 2220; x_wconf 85' lang='lat' dir='ltr'>scriptores</span> <span class='ocrx_word' id='word_1_251' title='bbox 1216 2174 1433 2209; x_wconf 84' lang='lat' dir='ltr'>recentiores</span> <span class='ocrx_word' id='word_1_252' title='bbox 1450 2172 1682 2220; x_wconf 70' lang='lat' dir='ltr'>contendunt,</span> 
     </span>
     <span class='ocr_line' id='line_1_30' title="bbox 74 2217 1683 2275; baseline -0.011 -9"><span class='ocrx_word' id='word_1_253' title='bbox 74 2241 103 2266; x_wconf 81' lang='lat' dir='ltr'>e.</span> <span class='ocrx_word' id='word_1_254' title='bbox 123 2241 178 2275; x_wconf 87' lang='lat' dir='ltr'>gr.</span> <span class='ocrx_word' id='word_1_255' title='bbox 197 2229 380 2264; x_wconf 82' lang='lat' dir='ltr'>Diodorus</span> <span class='ocrx_word' id='word_1_256' title='bbox 398 2228 467 2263; x_wconf 85' lang='lat' dir='ltr'>Sic.</span> <span class='ocrx_word' id='word_1_257' title='bbox 482 2227 569 2262; x_wconf 88' lang='lat' dir='ltr'>XIV</span> <span class='ocrx_word' id='word_1_258' title='bbox 582 2225 638 2261; x_wconf 81' lang='lat'>37.</span> <span class='ocrx_word' id='word_1_259' title='bbox 653 2225 690 2260; x_wconf 72' lang='grc' dir='ltr'>δε</span> <span class='ocrx_word' id='word_1_260' title='bbox 718 2225 835 2266; x_wconf 77' lang='grc' dir='ltr'><em>διόπερ</em></span> <span class='ocrx_word' id='word_1_261' title='bbox 853 2222 931 2259; x_wconf 72' lang='grc' dir='ltr'><em>τοὺς</em></span> <span class='ocrx_word' id='word_1_262' title='bbox 948 2221 1246 2265; x_wconf 78' lang='grc' dir='ltr'><em>κατηγορήσαντας</em></span> <span class='ocrx_word' id='word_1_263' title='bbox 1264 2219 1412 2261; x_wconf 75' lang='grc' dir='ltr'><em>δι’ὀργῆς</em></span> <span class='ocrx_word' id='word_1_264' title='bbox 1429 2221 1498 2261; x_wconf 82' lang='grc' dir='ltr'><em>εἷχε</em></span> <span class='ocrx_word' id='word_1_265' title='bbox 1515 2217 1574 2250; x_wconf 84' lang='grc' dir='ltr'>καὶ</span> <span class='ocrx_word' id='word_1_266' title='bbox 1592 2217 1683 2252; x_wconf 73' lang='grc' dir='ltr'><em>τέλος</em></span> 
     </span>
     <span class='ocr_line' id='line_1_31' title="bbox 74 2263 1684 2319; baseline -0.012 -5"><span class='ocrx_word' id='word_1_267' title='bbox 74 2275 238 2319; x_wconf 72' lang='grc' dir='ltr'>ἀκρίτους</span> <span class='ocrx_word' id='word_1_268' title='bbox 263 2274 441 2308; x_wconf 72' lang='grc' dir='ltr'><em>ἀπέκτεινε</em></span> <span class='ocrx_word' id='word_1_269' title='bbox 466 2272 554 2317; x_wconf 81' lang='lat' dir='ltr'>(scil.</span> <span class='ocrx_word' id='word_1_270' title='bbox 582 2272 602 2304; x_wconf 76' lang='grc' dir='ltr'><em>ὅ</em></span> <span class='ocrx_word' id='word_1_271' title='bbox 627 2271 758 2316; x_wconf 74' lang='grc' dir='ltr'>δῆμος),</span> <span class='ocrx_word' id='word_1_272' title='bbox 783 2273 890 2316; x_wconf 83' lang='lat' dir='ltr'>Diog.</span> <span class='ocrx_word' id='word_1_273' title='bbox 908 2272 946 2306; x_wconf 85' lang='lat' dir='ltr'>L.</span> <span class='ocrx_word' id='word_1_274' title='bbox 965 2271 1002 2305; x_wconf 87' lang='grc' dir='ltr'>Π</span> <span class='ocrx_word' id='word_1_275' title='bbox 1019 2269 1079 2304; x_wconf 83' lang='lat'>43:</span> <span class='ocrx_word' id='word_1_276' title='bbox 1103 2267 1277 2310; x_wconf 71' lang='grc' dir='ltr'><em>Ἀθηναῖοι</em></span> <span class='ocrx_word' id='word_1_277' title='bbox 1295 2265 1328 2299; x_wconf 80' lang='grc' dir='ltr'>δ’</span> <span class='ocrx_word' id='word_1_278' title='bbox 1349 2264 1454 2301; x_wconf 72' lang='grc' dir='ltr'><em>εὐθὺς</em></span> <span class='ocrx_word' id='word_1_279' title='bbox 1470 2263 1684 2306; x_wconf 80' lang='grc' dir='ltr'><em>μετέγνωσαν</em></span> 
     </span>
     <span class='ocr_line' id='line_1_32' title="bbox 77 2310 1683 2364; baseline -0.008 -8"><span class='ocrx_word' id='word_1_280' title='bbox 77 2354 83 2360; x_wconf 89' lang='grc'>,</span> <span class='ocrx_word' id='word_1_281' title='bbox 105 2354 111 2360; x_wconf 88' lang='grc'>,</span> <span class='ocrx_word' id='word_1_282' title='bbox 132 2353 139 2360; x_wconf 82' lang='grc'>,</span> <span class='ocrx_word' id='word_1_283' title='bbox 165 2322 227 2356; x_wconf 85' lang='grc' dir='ltr'>καὶ</span> <span class='ocrx_word' id='word_1_284' title='bbox 260 2321 339 2359; x_wconf 80' lang='grc' dir='ltr'><em>τοὺς</em></span> <span class='ocrx_word' id='word_1_285' title='bbox 364 2320 428 2364; x_wconf 83' lang='grc' dir='ltr'>μὲν</span> <span class='ocrx_word' id='word_1_286' title='bbox 453 2319 701 2363; x_wconf 73' lang='grc' dir='ltr'>ἐφυγάδευσαν,</span> <span class='ocrx_word' id='word_1_287' title='bbox 735 2317 898 2361; x_wconf 70' lang='grc' dir='ltr'><em>ΙΙΙελήτου</em></span> <span class='ocrx_word' id='word_1_288' title='bbox 932 2315 969 2350; x_wconf 84' lang='grc' dir='ltr'>δὲ</span> <span class='ocrx_word' id='word_1_289' title='bbox 1001 2315 1150 2349; x_wconf 74' lang='grc' dir='ltr'><em>θάνατον</em></span> <span class='ocrx_word' id='word_1_290' title='bbox 1183 2313 1411 2356; x_wconf 75' lang='grc' dir='ltr'>κατέγνωσαν,</span> <span class='ocrx_word' id='word_1_291' title='bbox 1443 2313 1537 2347; x_wconf 79' lang='lat' dir='ltr'>idem</span> <span class='ocrx_word' id='word_1_292' title='bbox 1563 2312 1625 2346; x_wconf 86' lang='lat' dir='ltr'>VI.</span> <span class='ocrx_word' id='word_1_293' title='bbox 1651 2310 1683 2353; x_wconf 82' lang='grc'>9,</span> 
     </span>
     <span class='ocr_line' id='line_1_33' title="bbox 75 2358 1684 2411; baseline -0.01 -4"><span class='ocrx_word' id='word_1_294' title='bbox 75 2371 304 2408; x_wconf 81' lang='lat' dir='ltr'>Themistius</span> <span class='ocrx_word' id='word_1_295' title='bbox 329 2371 368 2405; x_wconf 88' lang='lat' dir='ltr'>in</span> <span class='ocrx_word' id='word_1_296' title='bbox 396 2381 444 2404; x_wconf 92' lang='lat' dir='ltr'>or.</span> <span class='ocrx_word' id='word_1_297' title='bbox 464 2369 531 2404; x_wconf 89' lang='lat' dir='ltr'>XX</span> <span class='ocrx_word' id='word_1_298' title='bbox 557 2367 600 2411; x_wconf 88' lang='lat' dir='ltr'>(p.</span> <span class='ocrx_word' id='word_1_299' title='bbox 620 2367 688 2400; x_wconf 82' lang='grc'>293</span> <span class='ocrx_word' id='word_1_300' title='bbox 713 2366 843 2410; x_wconf 79' lang='lat' dir='ltr'>Dind.),</span> <span class='ocrx_word' id='word_1_301' title='bbox 871 2376 949 2400; x_wconf 87' lang='lat' dir='ltr'>cum</span> <span class='ocrx_word' id='word_1_302' title='bbox 975 2365 1032 2399; x_wconf 87' lang='lat' dir='ltr'>his</span> <span class='ocrx_word' id='word_1_303' title='bbox 1059 2365 1101 2398; x_wconf 83' lang='grc'>(16</span> <span class='ocrx_word' id='word_1_304' title='bbox 1127 2362 1404 2397; x_wconf 86' lang='lat' dir='ltr'>Atheniensium</span> <span class='ocrx_word' id='word_1_305' title='bbox 1429 2363 1509 2403; x_wconf 85' lang='lat' dir='ltr'>post</span> <span class='ocrx_word' id='word_1_306' title='bbox 1528 2358 1684 2393; x_wconf 85' lang='lat' dir='ltr'>Socratis</span> 
     </span>
     <span class='ocr_line' id='line_1_34' title="bbox 77 2405 1684 2463; baseline -0.011 -8"><span class='ocrx_word' id='word_1_307' title='bbox 77 2423 231 2455; x_wconf 89' lang='lat' dir='ltr'>mortem</span> <span class='ocrx_word' id='word_1_308' title='bbox 249 2417 480 2463; x_wconf 87' lang='lat' dir='ltr'>poenitentia</span> <span class='ocrx_word' id='word_1_309' title='bbox 497 2415 769 2451; x_wconf 83' lang='lat' dir='ltr'>narrationibus</span> <span class='ocrx_word' id='word_1_310' title='bbox 788 2414 875 2448; x_wconf 87' lang='lat' dir='ltr'>fides</span> <span class='ocrx_word' id='word_1_311' title='bbox 893 2423 962 2447; x_wconf 91' lang='lat' dir='ltr'>non</span> <span class='ocrx_word' id='word_1_312' title='bbox 981 2412 1029 2447; x_wconf 88' lang='lat' dir='ltr'>sit</span> <span class='ocrx_word' id='word_1_313' title='bbox 1047 2411 1222 2453; x_wconf 81' lang='lat' dir='ltr'>habenda,</span> <span class='ocrx_word' id='word_1_314' title='bbox 1240 2410 1277 2443; x_wconf 81' lang='lat' dir='ltr'>id</span> <span class='ocrx_word' id='word_1_315' title='bbox 1296 2408 1388 2451; x_wconf 87' lang='lat' dir='ltr'>quod</span> <span class='ocrx_word' id='word_1_316' title='bbox 1402 2410 1499 2441; x_wconf 89' lang='lat' dir='ltr'>recte</span> <span class='ocrx_word' id='word_1_317' title='bbox 1513 2405 1684 2449; x_wconf 85' lang='lat' dir='ltr'>exposuit</span> 
     </span>
     <span class='ocr_line' id='line_1_35' title="bbox 75 2461 604 2510; baseline -0.015 -7"><span class='ocrx_word' id='word_1_318' title='bbox 75 2469 116 2503; x_wconf 88' lang='lat' dir='ltr'>E.</span> <span class='ocrx_word' id='word_1_319' title='bbox 134 2468 258 2510; x_wconf 87' lang='lat' dir='ltr'>Meyer</span> <span class='ocrx_word' id='word_1_320' title='bbox 281 2466 315 2500; x_wconf 92' lang='lat' dir='ltr'><strong>V</strong></span> <span class='ocrx_word' id='word_1_321' title='bbox 341 2464 361 2508; x_wconf 67' lang='grc' dir='ltr'>ἓ</span> <span class='ocrx_word' id='word_1_322' title='bbox 378 2462 448 2498; x_wconf 83' lang='grc'>852</span> <span class='ocrx_word' id='word_1_323' title='bbox 473 2475 506 2508; x_wconf 91' lang='lat' dir='ltr'>p.</span> <span class='ocrx_word' id='word_1_324' title='bbox 525 2461 604 2496; x_wconf 83' lang='lat'>228.</span> 
     </span>
    </p>

    <p class='ocr_par' dir='ltr' id='par_1_5' title="bbox 75 2498 1687 2888">
     <span class='ocr_line' id='line_1_36' title="bbox 197 2498 1683 2557; baseline -0.015 -8"><span class='ocrx_word' id='word_1_325' title='bbox 197 2513 235 2556; x_wconf 64' lang='grc' dir='ltr'>Π)</span> <span class='ocrx_word' id='word_1_326' title='bbox 262 2514 302 2548; x_wconf 82' lang='grc' dir='ltr'>Ε.</span> <span class='ocrx_word' id='word_1_327' title='bbox 330 2523 385 2557; x_wconf 84' lang='lat' dir='ltr'>gr.</span> <span class='ocrx_word' id='word_1_328' title='bbox 412 2512 532 2555; x_wconf 72' lang='lat' dir='ltr'>Epict.</span> <span class='ocrx_word' id='word_1_329' title='bbox 560 2511 645 2544; x_wconf 83' lang='lat' dir='ltr'>diss.</span> <span class='ocrx_word' id='word_1_330' title='bbox 664 2509 681 2543; x_wconf 90' lang='lat' dir='ltr'>I</span> <span class='ocrx_word' id='word_1_331' title='bbox 707 2507 763 2541; x_wconf 74' lang='grc'>29.</span> <span class='ocrx_word' id='word_1_332' title='bbox 785 2506 828 2540; x_wconf 82' lang='grc'>18</span> <span class='ocrx_word' id='word_1_333' title='bbox 854 2504 912 2548; x_wconf 72' lang='grc' dir='ltr'>ἐμὲ</span> <span class='ocrx_word' id='word_1_334' title='bbox 949 2504 980 2538; x_wconf 72' lang='grc' dir='ltr'>δ’</span> <span class='ocrx_word' id='word_1_335' title='bbox 1017 2502 1162 2539; x_wconf 75' lang='grc' dir='ltr'><em>’Ἁνυτος</em></span> <span class='ocrx_word' id='word_1_336' title='bbox 1201 2501 1259 2534; x_wconf 80' lang='grc' dir='ltr'>καὶ</span> <span class='ocrx_word' id='word_1_337' title='bbox 1297 2500 1453 2542; x_wconf 62' lang='grc' dir='ltr'>1Μέλητος</span> <span class='ocrx_word' id='word_1_338' title='bbox 1490 2498 1683 2531; x_wconf 78' lang='grc' dir='ltr'><em>ἀποκτεῖναι</em></span> 
     </span>
     <span class='ocr_line' id='line_1_37' title="bbox 75 2543 1684 2603; baseline -0.011 -9"><span class='ocrx_word' id='word_1_339' title='bbox 75 2559 140 2603; x_wconf 82' lang='grc' dir='ltr'>μὲν</span> <span class='ocrx_word' id='word_1_340' title='bbox 165 2559 340 2603; x_wconf 81' lang='grc' dir='ltr'><em>δύνανται,</em></span> <span class='ocrx_word' id='word_1_341' title='bbox 367 2557 502 2601; x_wconf 78' lang='grc' dir='ltr'>βλάψαι</span> <span class='ocrx_word' id='word_1_342' title='bbox 531 2555 563 2589; x_wconf 79' lang='grc' dir='ltr'>δ’</span> <span class='ocrx_word' id='word_1_343' title='bbox 589 2555 640 2600; x_wconf 69' lang='grc' dir='ltr'>οὗ,</span> <span class='ocrx_word' id='word_1_344' title='bbox 669 2566 759 2599; x_wconf 86' lang='lat' dir='ltr'>qnae</span> <span class='ocrx_word' id='word_1_345' title='bbox 779 2555 902 2590; x_wconf 88' lang='lat' dir='ltr'>eadem</span> <span class='ocrx_word' id='word_1_346' title='bbox 920 2553 1029 2588; x_wconf 87' lang='lat' dir='ltr'>verba</span> <span class='ocrx_word' id='word_1_347' title='bbox 1047 2552 1203 2595; x_wconf 85' lang='lat' dir='ltr'>legimus</span> <span class='ocrx_word' id='word_1_348' title='bbox 1222 2551 1259 2584; x_wconf 90' lang='lat' dir='ltr'>in</span> <span class='ocrx_word' id='word_1_349' title='bbox 1277 2549 1393 2592; x_wconf 88' lang='lat' dir='ltr'>Epict.</span> <span class='ocrx_word' id='word_1_350' title='bbox 1413 2548 1497 2581; x_wconf 84' lang='lat' dir='ltr'>diss.</span> <span class='ocrx_word' id='word_1_351' title='bbox 1516 2546 1552 2580; x_wconf 92' lang='lat' dir='ltr'>II</span> <span class='ocrx_word' id='word_1_352' title='bbox 1576 2543 1608 2578; x_wconf 84' lang='lat'>2.</span> <span class='ocrx_word' id='word_1_353' title='bbox 1630 2544 1684 2586; x_wconf 70' lang='lat'>15,</span> 
     </span>
     <span class='ocr_line' id='line_1_38' title="bbox 78 2590 1683 2652; baseline -0.013 -7"><span class='ocrx_word' id='word_1_354' title='bbox 78 2609 136 2644; x_wconf 91' lang='lat' dir='ltr'>III</span> <span class='ocrx_word' id='word_1_355' title='bbox 162 2607 219 2652; x_wconf 85' lang='grc'>23,</span> <span class='ocrx_word' id='word_1_356' title='bbox 246 2606 302 2649; x_wconf 84' lang='grc'>21,</span> <span class='ocrx_word' id='word_1_357' title='bbox 330 2618 425 2641; x_wconf 87' lang='lat' dir='ltr'>man.</span> <span class='ocrx_word' id='word_1_358' title='bbox 447 2604 503 2649; x_wconf 83' lang='lat'>53,</span> <span class='ocrx_word' id='word_1_359' title='bbox 530 2601 722 2643; x_wconf 70' lang='grc' dir='ltr'>Ρ1111.περὶ</span> <span class='ocrx_word' id='word_1_360' title='bbox 748 2600 918 2642; x_wconf 72' lang='grc' dir='ltr'><em>εὐθυμίας</em></span> <span class='ocrx_word' id='word_1_361' title='bbox 945 2599 987 2632; x_wconf 80' lang='grc'>17</span> <span class='ocrx_word' id='word_1_362' title='bbox 1021 2597 1102 2642; x_wconf 85' lang='lat' dir='ltr'>(vol.</span> <span class='ocrx_word' id='word_1_363' title='bbox 1120 2598 1177 2632; x_wconf 86' lang='grc' dir='ltr'>ΙΙΙ</span> <span class='ocrx_word' id='word_1_364' title='bbox 1209 2609 1242 2641; x_wconf 88' lang='lat' dir='ltr'>p.</span> <span class='ocrx_word' id='word_1_365' title='bbox 1260 2595 1338 2637; x_wconf 81' lang='grc'>236,</span> <span class='ocrx_word' id='word_1_366' title='bbox 1365 2594 1386 2627; x_wconf 86' lang='grc'>2</span> <span class='ocrx_word' id='word_1_367' title='bbox 1418 2590 1683 2633; x_wconf 60' lang='lat' dir='ltr'>Bernardakss),</span> 
     </span>
     <span class='ocr_line' id='line_1_39' title="bbox 79 2638 1685 2696; baseline -0.012 -5"><span class='ocrx_word' id='word_1_368' title='bbox 79 2655 118 2688; x_wconf 82' lang='grc' dir='ltr'>ἐκ</span> <span class='ocrx_word' id='word_1_369' title='bbox 138 2659 198 2688; x_wconf 85' lang='grc' dir='ltr'>τοῦ</span> <span class='ocrx_word' id='word_1_370' title='bbox 215 2653 293 2696; x_wconf 82' lang='grc' dir='ltr'><em>περὶ</em></span> <span class='ocrx_word' id='word_1_371' title='bbox 313 2652 429 2696; x_wconf 76' lang='grc' dir='ltr'><em>φιλίας</em></span> <span class='ocrx_word' id='word_1_372' title='bbox 449 2653 530 2694; x_wconf 82' lang='lat' dir='ltr'>(vol.</span> <span class='ocrx_word' id='word_1_373' title='bbox 549 2652 621 2686; x_wconf 90' lang='lat' dir='ltr'>VII</span> <span class='ocrx_word' id='word_1_374' title='bbox 639 2662 671 2695; x_wconf 92' lang='lat' dir='ltr'>p.</span> <span class='ocrx_word' id='word_1_375' title='bbox 693 2649 768 2691; x_wconf 82' lang='lat'>114,</span> <span class='ocrx_word' id='word_1_376' title='bbox 787 2647 850 2691; x_wconf 88' lang='lat'>13),</span> <span class='ocrx_word' id='word_1_377' title='bbox 870 2649 968 2682; x_wconf 77' lang='lat' dir='ltr'>Max.</span> <span class='ocrx_word' id='word_1_378' title='bbox 987 2647 1071 2689; x_wconf 88' lang='lat' dir='ltr'>Tyr.</span> <span class='ocrx_word' id='word_1_379' title='bbox 1091 2645 1176 2679; x_wconf 88' lang='lat' dir='ltr'>diss.</span> <span class='ocrx_word' id='word_1_380' title='bbox 1195 2644 1265 2678; x_wconf 87' lang='lat' dir='ltr'>XII</span> <span class='ocrx_word' id='word_1_381' title='bbox 1283 2642 1304 2675; x_wconf 83' lang='lat' dir='ltr'>S</span> <span class='ocrx_word' id='word_1_382' title='bbox 1322 2642 1376 2685; x_wconf 91' lang='lat' dir='ltr'>(H.</span> <span class='ocrx_word' id='word_1_383' title='bbox 1395 2638 1556 2682; x_wconf 86' lang='lat' dir='ltr'>Hobein),</span> <span class='ocrx_word' id='word_1_384' title='bbox 1582 2648 1685 2682; x_wconf 84' lang='lat' dir='ltr'>porro</span> 
     </span>
     <span class='ocr_line' id='line_1_40' title="bbox 84 2683 1684 2739; baseline -0.014 0"><span class='ocrx_word' id='word_1_385' title='bbox 84 2703 210 2739; x_wconf 87' lang='lat' dir='ltr'>Meleti</span> <span class='ocrx_word' id='word_1_386' title='bbox 236 2712 366 2737; x_wconf 90' lang='lat' dir='ltr'>nomen</span> <span class='ocrx_word' id='word_1_387' title='bbox 394 2703 523 2735; x_wconf 83' lang='lat' dir='ltr'>exstat</span> <span class='ocrx_word' id='word_1_388' title='bbox 548 2699 586 2733; x_wconf 88' lang='lat' dir='ltr'>in</span> <span class='ocrx_word' id='word_1_389' title='bbox 613 2699 710 2733; x_wconf 88' lang='lat' dir='ltr'>Plut.</span> <span class='ocrx_word' id='word_1_390' title='bbox 730 2697 815 2730; x_wconf 86' lang='lat' dir='ltr'>Mor.</span> <span class='ocrx_word' id='word_1_391' title='bbox 835 2695 903 2729; x_wconf 81' lang='lat' dir='ltr'>vol.</span> <span class='ocrx_word' id='word_1_392' title='bbox 922 2694 940 2729; x_wconf 89' lang='lat' dir='ltr'>I</span> <span class='ocrx_word' id='word_1_393' title='bbox 964 2705 997 2738; x_wconf 86' lang='lat' dir='ltr'>p.</span> <span class='ocrx_word' id='word_1_394' title='bbox 1020 2692 1095 2735; x_wconf 76' lang='lat'>183,</span> <span class='ocrx_word' id='word_1_395' title='bbox 1119 2691 1169 2734; x_wconf 81' lang='lat'>19,</span> <span class='ocrx_word' id='word_1_396' title='bbox 1195 2691 1251 2725; x_wconf 91' lang='lat' dir='ltr'>III</span> <span class='ocrx_word' id='word_1_397' title='bbox 1276 2701 1309 2734; x_wconf 89' lang='lat' dir='ltr'>p.</span> <span class='ocrx_word' id='word_1_398' title='bbox 1328 2688 1406 2731; x_wconf 84' lang='grc'>296,</span> <span class='ocrx_word' id='word_1_399' title='bbox 1428 2687 1456 2730; x_wconf 82' lang='grc'>1,</span> <span class='ocrx_word' id='word_1_400' title='bbox 1482 2698 1514 2730; x_wconf 88' lang='lat' dir='ltr'>p.</span> <span class='ocrx_word' id='word_1_401' title='bbox 1532 2684 1610 2727; x_wconf 59' lang='lat'>493,</span> <span class='ocrx_word' id='word_1_402' title='bbox 1630 2683 1684 2725; x_wconf 75' lang='lat'>23,</span> 
     </span>
     <span class='ocr_line' id='line_1_41' title="bbox 83 2733 1687 2795; baseline -0.013 -10"><span class='ocrx_word' id='word_1_403' title='bbox 83 2751 136 2785; x_wconf 91' lang='lat' dir='ltr'>VI</span> <span class='ocrx_word' id='word_1_404' title='bbox 162 2762 195 2795; x_wconf 90' lang='lat' dir='ltr'>p.</span> <span class='ocrx_word' id='word_1_405' title='bbox 214 2748 294 2792; x_wconf 86' lang='lat'>301,</span> <span class='ocrx_word' id='word_1_406' title='bbox 323 2747 367 2782; x_wconf 84' lang='lat'>19</span> <span class='ocrx_word' id='word_1_407' title='bbox 401 2744 682 2787; x_wconf 71' lang='lat' dir='ltr'>(Bernardakis),</span> <span class='ocrx_word' id='word_1_408' title='bbox 717 2744 754 2778; x_wconf 90' lang='lat' dir='ltr'>in</span> <span class='ocrx_word' id='word_1_409' title='bbox 788 2741 941 2777; x_wconf 87' lang='lat' dir='ltr'>Luciani</span> <span class='ocrx_word' id='word_1_410' title='bbox 974 2741 1068 2775; x_wconf 88' lang='lat' dir='ltr'>Pisc.</span> <span class='ocrx_word' id='word_1_411' title='bbox 1103 2737 1180 2781; x_wconf 85' lang='lat' dir='ltr'>(XV</span> <span class='ocrx_word' id='word_1_412' title='bbox 1204 2734 1368 2779; x_wconf 75' lang='lat' dir='ltr'>Dindorf)</span> <span class='ocrx_word' id='word_1_413' title='bbox 1398 2733 1458 2787; x_wconf 51' lang='grc'>10,</span> <span class='ocrx_word' id='word_1_414' title='bbox 1482 2733 1544 2767; x_wconf 91' lang='lat' dir='ltr'>Bis</span> <span class='ocrx_word' id='word_1_415' title='bbox 1570 2742 1687 2765; x_wconf 82' lang='lat' dir='ltr'>accus.</span> 
     </span>
     <span class='ocr_line' id='line_1_42' title="bbox 83 2778 1686 2840; baseline -0.014 -6"><span class='ocrx_word' id='word_1_416' title='bbox 83 2796 245 2840; x_wconf 90' lang='lat' dir='ltr'>(XLVII)</span> <span class='ocrx_word' id='word_1_417' title='bbox 271 2795 305 2837; x_wconf 84' lang='grc'>6,</span> <span class='ocrx_word' id='word_1_418' title='bbox 332 2796 370 2830; x_wconf 87' lang='grc'>111</span> <span class='ocrx_word' id='word_1_419' title='bbox 396 2796 498 2830; x_wconf 81' lang='lat' dir='ltr'>Max.</span> <span class='ocrx_word' id='word_1_420' title='bbox 525 2794 609 2837; x_wconf 88' lang='lat' dir='ltr'>Tyr.</span> <span class='ocrx_word' id='word_1_421' title='bbox 637 2792 722 2826; x_wconf 87' lang='lat' dir='ltr'>diss.</span> <span class='ocrx_word' id='word_1_422' title='bbox 749 2791 805 2824; x_wconf 89' lang='grc' dir='ltr'>ΙΠ</span> <span class='ocrx_word' id='word_1_423' title='bbox 831 2788 853 2822; x_wconf 90' lang='grc'>2</span> <span class='ocrx_word' id='word_1_424' title='bbox 879 2792 914 2823; x_wconf 88' lang='lat' dir='ltr'>et</span> <span class='ocrx_word' id='word_1_425' title='bbox 941 2787 962 2821; x_wconf 82' lang='lat'><strong>3</strong></span> <span class='ocrx_word' id='word_1_426' title='bbox 988 2785 1042 2830; x_wconf 90' lang='grc' dir='ltr'>(Η.</span> <span class='ocrx_word' id='word_1_427' title='bbox 1062 2785 1225 2828; x_wconf 88' lang='lat' dir='ltr'>Hobein),</span> <span class='ocrx_word' id='word_1_428' title='bbox 1252 2783 1347 2827; x_wconf 82' lang='lat' dir='ltr'>apud</span> <span class='ocrx_word' id='word_1_429' title='bbox 1372 2783 1543 2826; x_wconf 86' lang='lat' dir='ltr'>Apsmem</span> <span class='ocrx_word' id='word_1_430' title='bbox 1569 2778 1686 2821; x_wconf 84' lang='lat' dir='ltr'>(Rhet.</span> 
     </span>
     <span class='ocr_line' id='line_1_43' title="bbox 81 2835 1635 2888; baseline -0.014 -7"><span class='ocrx_word' id='word_1_431' title='bbox 81 2846 142 2881; x_wconf 87' lang='lat' dir='ltr'>Gr.</span> <span class='ocrx_word' id='word_1_432' title='bbox 163 2845 217 2880; x_wconf 88' lang='lat' dir='ltr'>ed.</span> <span class='ocrx_word' id='word_1_433' title='bbox 237 2842 584 2888; x_wconf 84' lang='lat' dir='ltr'>Spengel-Hammer</span> <span class='ocrx_word' id='word_1_434' title='bbox 609 2841 627 2874; x_wconf 86' lang='grc' dir='ltr'>Ι</span> <span class='ocrx_word' id='word_1_435' title='bbox 652 2851 684 2883; x_wconf 91' lang='lat' dir='ltr'>p.</span> <span class='ocrx_word' id='word_1_436' title='bbox 703 2836 783 2877; x_wconf 83' lang='lat'>221,</span> <span class='ocrx_word' id='word_1_437' title='bbox 805 2835 867 2880; x_wconf 90' lang='grc'>10).</span> <span class='ocrx_word' id='word_1_438' title='bbox 1332 2877 1338 2882; x_wconf 38' lang='lat'><strong>¹</strong></span> <span class='ocrx_word' id='word_1_439' title='bbox 1629 2871 1635 2877; x_wconf 94' lang='lat'>.</span> 
     </span>
    </p>

    <p class='ocr_par' dir='ltr' id='par_1_6' title="bbox 82 2872 1689 3031">
     <span class='ocr_line' id='line_1_44' title="bbox 204 2872 1688 2935; baseline -0.015 -8"><span class='ocrx_word' id='word_1_440' title='bbox 204 2891 243 2935; x_wconf 77' lang='grc'>12)</span> <span class='ocrx_word' id='word_1_441' title='bbox 271 2892 387 2934; x_wconf 82' lang='lat' dir='ltr'>Quam</span> <span class='ocrx_word' id='word_1_442' title='bbox 413 2889 575 2924; x_wconf 77' lang='lat' dir='ltr'>fabulam</span> <span class='ocrx_word' id='word_1_443' title='bbox 602 2897 694 2921; x_wconf 90' lang='lat' dir='ltr'>anno</span> <span class='ocrx_word' id='word_1_444' title='bbox 713 2883 782 2917; x_wconf 80' lang='grc'>422</span> <span class='ocrx_word' id='word_1_445' title='bbox 800 2893 877 2918; x_wconf 89' lang='lat' dir='ltr'>esse</span> <span class='ocrx_word' id='word_1_446' title='bbox 896 2883 1036 2916; x_wconf 83' lang='lat' dir='ltr'>doctam</span> <span class='ocrx_word' id='word_1_447' title='bbox 1054 2880 1194 2914; x_wconf 87' lang='lat' dir='ltr'>iudicat</span> <span class='ocrx_word' id='word_1_448' title='bbox 1213 2878 1252 2912; x_wconf 78' lang='lat' dir='ltr'>G.</span> <span class='ocrx_word' id='word_1_449' title='bbox 1271 2876 1412 2918; x_wconf 83' lang='lat' dir='ltr'>Kaibel,</span> <span class='ocrx_word' id='word_1_450' title='bbox 1438 2872 1688 2917; x_wconf 80' lang='lat' dir='ltr'>Pauly-Wlss.</span> 
     </span>
     <span class='ocr_line' id='line_1_45' title="bbox 82 2921 1688 2981; baseline -0.015 -6"><span class='ocrx_word' id='word_1_451' title='bbox 82 2939 350 2981; x_wconf 82' lang='lat' dir='ltr'>Real.-Encycl.</span> <span class='ocrx_word' id='word_1_452' title='bbox 376 2937 414 2971; x_wconf 93' lang='lat' dir='ltr'>II</span> <span class='ocrx_word' id='word_1_453' title='bbox 450 2937 514 2970; x_wconf 89' lang='lat' dir='ltr'>col.</span> <span class='ocrx_word' id='word_1_454' title='bbox 541 2933 621 2978; x_wconf 84' lang='grc'>978,</span> <span class='ocrx_word' id='word_1_455' title='bbox 647 2932 703 2976; x_wconf 80' lang='lat'>41,</span> <span class='ocrx_word' id='word_1_456' title='bbox 739 2942 816 2966; x_wconf 91' lang='lat' dir='ltr'>eam</span> <span class='ocrx_word' id='word_1_457' title='bbox 855 2930 992 2964; x_wconf 88' lang='lat' dir='ltr'>dnobus</span> <span class='ocrx_word' id='word_1_458' title='bbox 1031 2927 1134 2962; x_wconf 87' lang='lat' dir='ltr'>annis</span> <span class='ocrx_word' id='word_1_459' title='bbox 1172 2929 1257 2959; x_wconf 87' lang='lat' dir='ltr'>ante</span> <span class='ocrx_word' id='word_1_460' title='bbox 1295 2924 1415 2958; x_wconf 78' lang='lat' dir='ltr'>(latam</span> <span class='ocrx_word' id='word_1_461' title='bbox 1454 2931 1530 2955; x_wconf 86' lang='lat' dir='ltr'>esse</span> <span class='ocrx_word' id='word_1_462' title='bbox 1568 2921 1688 2970; x_wconf 82' lang='lat' dir='ltr'>censet</span> 
     </span>
     <span class='ocr_line' id='line_1_46' title="bbox 84 2964 1689 3031; baseline -0.016 -8"><span class='ocrx_word' id='word_1_463' title='bbox 84 2987 236 3031; x_wconf 82' lang='lat' dir='ltr'>Cappes‚</span> <span class='ocrx_word' id='word_1_464' title='bbox 263 2986 341 3020; x_wconf 87' lang='lat' dir='ltr'>The</span> <span class='ocrx_word' id='word_1_465' title='bbox 380 2985 465 3018; x_wconf 86' lang='lat' dir='ltr'>date</span> <span class='ocrx_word' id='word_1_466' title='bbox 504 2983 540 3017; x_wconf 82' lang='lat' dir='ltr'>of</span> <span class='ocrx_word' id='word_1_467' title='bbox 578 2980 841 3023; x_wconf 87' lang='lat' dir='ltr'>Aristophanes</span> <span class='ocrx_word' id='word_1_468' title='bbox 881 2975 1047 3019; x_wconf 80' lang='lat' dir='ltr'>Georgoi,</span> <span class='ocrx_word' id='word_1_469' title='bbox 1086 2973 1277 3008; x_wconf 84' lang='lat' dir='ltr'>American</span> <span class='ocrx_word' id='word_1_470' title='bbox 1314 2969 1465 3005; x_wconf 85' lang='lat' dir='ltr'>Journal</span> <span class='ocrx_word' id='word_1_471' title='bbox 1497 2967 1534 3000; x_wconf 76' lang='lat' dir='ltr'>of</span> <span class='ocrx_word' id='word_1_472' title='bbox 1558 2964 1689 2999; x_wconf 83' lang='lat' dir='ltr'>Philol.</span> 
     </span>
    </p>
   </div>
   <div class='ocr_carea' id='block_1_4' title="bbox 83 3028 501 3076">
    <p class='ocr_par' dir='ltr' id='par_1_7' title="bbox 83 3028 501 3076">
     <span class='ocr_line' id='line_1_47' title="bbox 83 3028 501 3076; baseline -0.014 -6"><span class='ocrx_word' id='word_1_473' title='bbox 83 3034 225 3069; x_wconf 78' lang='lat' dir='ltr'>XXXII</span> <span class='ocrx_word' id='word_1_474' title='bbox 254 3031 345 3066; x_wconf 81' lang='lat'>1912</span> <span class='ocrx_word' id='word_1_475' title='bbox 370 3043 404 3076; x_wconf 83' lang='lat' dir='ltr'>p.</span> <span class='ocrx_word' id='word_1_476' title='bbox 422 3028 501 3064; x_wconf 82' lang='lat'>420.</span> 
     </span>
    </p>
   </div>
   <div class='ocr_carea' id='block_1_5' title="bbox 577 3139 591 3161">
    <p class='ocr_par' dir='ltr' id='par_1_8' title="bbox 577 3139 591 3161">
     <span class='ocr_line' id='line_1_48' title="bbox 577 3139 591 3161; baseline 0 0"><span class='ocrx_word' id='word_1_477' title='bbox 577 3139 591 3161; x_wconf 65' lang='grc' dir='ltr'><strong>ν</strong></span> 
     </span>
    </p>
   </div>
  </div>
 </body>
</html>
