<?xml version="1.0" encoding="UTF-8"?>
<!DOCTYPE html PUBLIC "-//W3C//DTD XHTML 1.0 Transitional//EN"
    "http://www.w3.org/TR/xhtml1/DTD/xhtml1-transitional.dtd">
<html xmlns="http://www.w3.org/1999/xhtml" xml:lang="en" lang="en">
 <head>
  <title>
</title>
<meta http-equiv="Content-Type" content="text/html;charset=utf-8" />
  <meta name='ocr-system' content='tesseract 3.04.00' />
  <meta name='ocr-capabilities' content='ocr_page ocr_carea ocr_par ocr_line ocrx_word'/>
</head>
<body>
  <div class='ocr_page' id='page_1' title='image "./deorationekatand00begouoft_0033.png"; bbox 0 0 2077 3430; ppageno 0'>
   <div class='ocr_carea' id='block_1_1' title="bbox 755 346 1046 386">
    <p class='ocr_par' dir='ltr' id='par_1_1' title="bbox 755 346 1046 386">
     <span class='ocr_line' id='line_1_1' title="bbox 755 346 1046 386; baseline 0.007 -12"><span class='ocrx_word' id='word_1_1' title='bbox 755 346 1046 386; x_wconf 63' lang='lat'>-31—</span> 
     </span>
    </p>
   </div>
   <div class='ocr_carea' id='block_1_2' title="bbox 82 455 1709 3044">
    <p class='ocr_par' dir='ltr' id='par_1_2' title="bbox 84 455 1700 746">
     <span class='ocr_line' id='line_1_2' title="bbox 84 455 1698 520; baseline 0.009 -25"><span class='ocrx_word' id='word_1_2' title='bbox 84 458 230 520; x_wconf 80' lang='lat' dir='ltr'>autem</span> <span class='ocrx_word' id='word_1_3' title='bbox 261 455 305 497; x_wconf 89' lang='lat' dir='ltr'>in</span> <span class='ocrx_word' id='word_1_4' title='bbox 337 457 585 500; x_wconf 88' lang='lat' dir='ltr'>Andocidea</span> <span class='ocrx_word' id='word_1_5' title='bbox 617 472 699 502; x_wconf 92' lang='lat' dir='ltr'>non</span> <span class='ocrx_word' id='word_1_6' title='bbox 731 463 852 503; x_wconf 91' lang='lat' dir='ltr'>modo</span> <span class='ocrx_word' id='word_1_7' title='bbox 884 475 967 504; x_wconf 91' lang='lat' dir='ltr'>non</span> <span class='ocrx_word' id='word_1_8' title='bbox 990 463 1145 516; x_wconf 76' lang='lat' dir='ltr'>insunt,</span> <span class='ocrx_word' id='word_1_9' title='bbox 1177 466 1251 506; x_wconf 89' lang='lat' dir='ltr'>sed</span> <span class='ocrx_word' id='word_1_10' title='bbox 1275 470 1423 507; x_wconf 89' lang='lat' dir='ltr'>contra</span> <span class='ocrx_word' id='word_1_11' title='bbox 1445 467 1534 519; x_wconf 88' lang='lat' dir='ltr'>ipse</span> <span class='ocrx_word' id='word_1_12' title='bbox 1558 469 1698 509; x_wconf 89' lang='lat' dir='ltr'>Ando-</span> 
     </span>
     <span class='ocr_line' id='line_1_3' title="bbox 86 514 1700 580; baseline 0.009 -26"><span class='ocrx_word' id='word_1_13' title='bbox 86 514 202 579; x_wconf 81' lang='lat' dir='ltr'>c1des</span> <span class='ocrx_word' id='word_1_14' title='bbox 249 516 463 580; x_wconf 79' lang='lat' dir='ltr'>expressis</span> <span class='ocrx_word' id='word_1_15' title='bbox 510 518 654 560; x_wconf 90' lang='lat' dir='ltr'>verbis</span> <span class='ocrx_word' id='word_1_16' title='bbox 695 520 923 572; x_wconf 92' lang='lat' dir='ltr'>profitetur</span> <span class='ocrx_word' id='word_1_17' title='bbox 970 523 1023 563; x_wconf 89' lang='lat' dir='ltr'>ab</span> <span class='ocrx_word' id='word_1_18' title='bbox 1067 525 1398 576; x_wconf 86' lang='lat' dir='ltr'>accusatoribus,</span> <span class='ocrx_word' id='word_1_19' title='bbox 1446 538 1700 577; x_wconf 85' lang='lat' dir='ltr'>quamquam</span> 
     </span>
     <span class='ocr_line' id='line_1_4' title="bbox 85 571 1700 634; baseline 0.009 -22"><span class='ocrx_word' id='word_1_20' title='bbox 85 571 344 614; x_wconf 77' lang='lat' dir='ltr'>foedisslmls</span> <span class='ocrx_word' id='word_1_21' title='bbox 376 575 609 618; x_wconf 79' lang='lat' dir='ltr'>sceleribus</span> <span class='ocrx_word' id='word_1_22' title='bbox 641 589 686 619; x_wconf 93' lang='lat' dir='ltr'>se</span> <span class='ocrx_word' id='word_1_23' title='bbox 716 579 1038 633; x_wconf 82' lang='lat' dir='ltr'>obstrinxerint,</span> <span class='ocrx_word' id='word_1_24' title='bbox 1069 594 1247 633; x_wconf 90' lang='lat' dir='ltr'>poenam</span> <span class='ocrx_word' id='word_1_25' title='bbox 1269 595 1434 625; x_wconf 88' lang='lat' dir='ltr'>sumere</span> <span class='ocrx_word' id='word_1_26' title='bbox 1455 596 1537 625; x_wconf 90' lang='lat' dir='ltr'>non</span> <span class='ocrx_word' id='word_1_27' title='bbox 1559 584 1700 634; x_wconf 81' lang='lat' dir='ltr'>licere,</span> 
     </span>
     <span class='ocr_line' id='line_1_5' title="bbox 86 631 1700 699; baseline 0.008 -28"><span class='ocrx_word' id='word_1_28' title='bbox 86 643 180 672; x_wconf 88' lang='lat' dir='ltr'>cum</span> <span class='ocrx_word' id='word_1_29' title='bbox 220 631 339 685; x_wconf 86' lang='lat' dir='ltr'>leges</span> <span class='ocrx_word' id='word_1_30' title='bbox 371 633 552 699; x_wconf 75' lang='lat' dir='ltr'>Euclide</span> <span class='ocrx_word' id='word_1_31' title='bbox 593 636 799 678; x_wconf 77' lang='lat' dir='ltr'>archonte</span> <span class='ocrx_word' id='word_1_32' title='bbox 840 637 957 680; x_wconf 90' lang='lat' dir='ltr'>latae</span> <span class='ocrx_word' id='word_1_33' title='bbox 999 640 1051 680; x_wconf 94' lang='lat' dir='ltr'>de</span> <span class='ocrx_word' id='word_1_34' title='bbox 1091 639 1269 693; x_wconf 88' lang='lat' dir='ltr'>flagitiis</span> <span class='ocrx_word' id='word_1_35' title='bbox 1308 646 1437 683; x_wconf 84' lang='lat' dir='ltr'>antea</span> <span class='ocrx_word' id='word_1_36' title='bbox 1469 643 1700 684; x_wconf 79' lang='lat' dir='ltr'><strong>commissis</strong></span> 
     </span>
     <span class='ocr_line' id='line_1_6' title="bbox 86 694 833 746; baseline 0.009 -16"><span class='ocrx_word' id='word_1_37' title='bbox 86 702 341 742; x_wconf 81' lang='lat' dir='ltr'>quemquam</span> <span class='ocrx_word' id='word_1_38' title='bbox 372 704 417 733; x_wconf 90' lang='lat' dir='ltr'>1n</span> <span class='ocrx_word' id='word_1_39' title='bbox 448 705 514 734; x_wconf 83' lang='lat' dir='ltr'>ius</span> <span class='ocrx_word' id='word_1_40' title='bbox 546 694 640 746; x_wconf 91' lang='lat' dir='ltr'>rapi</span> <span class='ocrx_word' id='word_1_41' title='bbox 672 699 833 737; x_wconf 90' lang='lat' dir='ltr'>vetent.</span> 
     </span>
    </p>

    <p class='ocr_par' dir='ltr' id='par_1_3' title="bbox 82 750 1703 1630">
     <span class='ocr_line' id='line_1_7' title="bbox 203 750 1700 815; baseline 0.007 -25"><span class='ocrx_word' id='word_1_42' title='bbox 203 750 349 815; x_wconf 86' lang='lat' dir='ltr'>Atque</span> <span class='ocrx_word' id='word_1_43' title='bbox 396 750 566 804; x_wconf 87' lang='lat' dir='ltr'>singula</span> <span class='ocrx_word' id='word_1_44' title='bbox 612 753 688 794; x_wconf 87' lang='lat' dir='ltr'>illa</span> <span class='ocrx_word' id='word_1_45' title='bbox 735 754 912 796; x_wconf 89' lang='lat' dir='ltr'>crimina</span> <span class='ocrx_word' id='word_1_46' title='bbox 958 755 1210 798; x_wconf 88' lang='lat' dir='ltr'>intueamur.</span> <span class='ocrx_word' id='word_1_47' title='bbox 1288 758 1484 810; x_wconf 88' lang='lat' dir='ltr'>Cephisio</span> <span class='ocrx_word' id='word_1_48' title='bbox 1533 759 1700 810; x_wconf 89' lang='lat' dir='ltr'>quidem</span> 
     </span>
     <span class='ocr_line' id='line_1_8' title="bbox 86 808 1698 874; baseline 0.007 -26"><span class='ocrx_word' id='word_1_49' title='bbox 86 808 314 874; x_wconf 69' lang='lat' dir='ltr'>opprobrio</span> <span class='ocrx_word' id='word_1_50' title='bbox 338 810 414 851; x_wconf 90' lang='lat' dir='ltr'>dat</span> <span class='ocrx_word' id='word_1_51' title='bbox 435 810 484 863; x_wconf 61' lang='grc' dir='ltr'>ἓξ</span> <span class='ocrx_word' id='word_1_52' title='bbox 506 810 574 863; x_wconf 81' lang='lat'>92,</span> <span class='ocrx_word' id='word_1_53' title='bbox 597 811 664 863; x_wconf 84' lang='lat'>93,</span> <span class='ocrx_word' id='word_1_54' title='bbox 697 814 807 864; x_wconf 87' lang='lat' dir='ltr'>quod</span> <span class='ocrx_word' id='word_1_55' title='bbox 830 814 923 866; x_wconf 81' lang='lat' dir='ltr'>agri</span> <span class='ocrx_word' id='word_1_56' title='bbox 955 815 1114 866; x_wconf 84' lang='lat' dir='ltr'>publici</span> <span class='ocrx_word' id='word_1_57' title='bbox 1147 816 1343 857; x_wconf 88' lang='lat' dir='ltr'>conducti</span> <span class='ocrx_word' id='word_1_58' title='bbox 1375 817 1538 858; x_wconf 90' lang='lat' dir='ltr'>reditus</span> <span class='ocrx_word' id='word_1_59' title='bbox 1569 830 1698 860; x_wconf 90' lang='lat' dir='ltr'>nona-</span> 
     </span>
     <span class='ocr_line' id='line_1_9' title="bbox 84 870 1701 929; baseline 0.006 -22"><span class='ocrx_word' id='word_1_60' title='bbox 84 870 211 919; x_wconf 84' lang='lat' dir='ltr'>ginta</span> <span class='ocrx_word' id='word_1_61' title='bbox 240 879 451 909; x_wconf 86' lang='lat' dir='ltr'>minarum</span> <span class='ocrx_word' id='word_1_62' title='bbox 483 870 694 911; x_wconf 86' lang='lat' dir='ltr'>averterit</span> <span class='ocrx_word' id='word_1_63' title='bbox 727 875 770 912; x_wconf 89' lang='lat' dir='ltr'>et</span> <span class='ocrx_word' id='word_1_64' title='bbox 801 872 906 925; x_wconf 74' lang='lat' dir='ltr'>fuga</span> <span class='ocrx_word' id='word_1_65' title='bbox 936 873 1117 914; x_wconf 87' lang='lat' dir='ltr'>salutem</span> <span class='ocrx_word' id='word_1_66' title='bbox 1149 874 1374 926; x_wconf 89' lang='lat' dir='ltr'>petiverit:</span> <span class='ocrx_word' id='word_1_67' title='bbox 1407 877 1444 915; x_wconf 88' lang='grc' dir='ltr'>εἰ</span> <span class='ocrx_word' id='word_1_68' title='bbox 1462 876 1540 928; x_wconf 75' lang='grc' dir='ltr'>γὰρ</span> <span class='ocrx_word' id='word_1_69' title='bbox 1562 876 1701 929; x_wconf 75' lang='grc' dir='ltr'><em>ἦλθεν,</em></span> 
     </span>
     <span class='ocr_line' id='line_1_10' title="bbox 87 925 1701 982; baseline 0.006 -17"><span class='ocrx_word' id='word_1_70' title='bbox 87 925 237 966; x_wconf 75' lang='grc' dir='ltr'><em>ἐδέδετ’</em></span> <span class='ocrx_word' id='word_1_71' title='bbox 271 928 322 966; x_wconf 83' lang='grc' dir='ltr'>ἂν</span> <span class='ocrx_word' id='word_1_72' title='bbox 353 927 396 967; x_wconf 80' lang='grc' dir='ltr'>ἐν</span> <span class='ocrx_word' id='word_1_73' title='bbox 428 931 488 980; x_wconf 84' lang='grc' dir='ltr'>τῷ</span> <span class='ocrx_word' id='word_1_74' title='bbox 520 929 644 982; x_wconf 84' lang='grc' dir='ltr'><em>ξύλῳ,</em></span> <span class='ocrx_word' id='word_1_75' title='bbox 686 938 776 970; x_wconf 81' lang='lat' dir='ltr'>tum</span> <span class='ocrx_word' id='word_1_76' title='bbox 818 934 961 972; x_wconf 90' lang='lat' dir='ltr'>autem</span> <span class='ocrx_word' id='word_1_77' title='bbox 1003 932 1195 974; x_wconf 90' lang='lat' dir='ltr'>omnibus</span> <span class='ocrx_word' id='word_1_78' title='bbox 1239 933 1345 974; x_wconf 91' lang='lat' dir='ltr'>civis</span> <span class='ocrx_word' id='word_1_79' title='bbox 1377 934 1606 975; x_wconf 87' lang='lat' dir='ltr'>honoribus</span> <span class='ocrx_word' id='word_1_80' title='bbox 1637 935 1701 976; x_wconf 93' lang='lat' dir='ltr'>uti</span> 
     </span>
     <span class='ocr_line' id='line_1_11' title="bbox 82 984 1701 1045; baseline 0.006 -21"><span class='ocrx_word' id='word_1_81' title='bbox 82 984 219 1036; x_wconf 79' lang='lat' dir='ltr'>illum,</span> <span class='ocrx_word' id='word_1_82' title='bbox 251 985 312 1025; x_wconf 83' lang='grc' dir='ltr'>ὅτι</span> <span class='ocrx_word' id='word_1_83' title='bbox 343 989 426 1031; x_wconf 82' lang='grc' dir='ltr'><em>τοῖς</em></span> <span class='ocrx_word' id='word_1_84' title='bbox 457 987 603 1040; x_wconf 82' lang='grc' dir='ltr'><em>νόμοις</em></span> <span class='ocrx_word' id='word_1_85' title='bbox 635 988 900 1041; x_wconf 72' lang='grc' dir='ltr'><strong><em>ἐψηφίσασθε</em></strong></span> <span class='ocrx_word' id='word_1_86' title='bbox 932 991 1002 1030; x_wconf 83' lang='grc' dir='ltr'>ἀπ’</span> <span class='ocrx_word' id='word_1_87' title='bbox 1025 990 1257 1031; x_wconf 79' lang='grc' dir='ltr'><em>Εὐκλείδου</em></span> <span class='ocrx_word' id='word_1_88' title='bbox 1287 993 1487 1044; x_wconf 77' lang='grc' dir='ltr'><em>ἄρχοντος</em></span> <span class='ocrx_word' id='word_1_89' title='bbox 1508 994 1701 1045; x_wconf 77' lang='grc' dir='ltr'>χρῆσθαι.</span> 
     </span>
     <span class='ocr_line' id='line_1_12' title="bbox 87 1043 1702 1102; baseline 0.006 -18"><span class='ocrx_word' id='word_1_90' title='bbox 87 1043 370 1096; x_wconf 85' lang='lat' dir='ltr'>Paragrapho</span> <span class='ocrx_word' id='word_1_91' title='bbox 412 1044 655 1097; x_wconf 85' lang='lat' dir='ltr'>insequenti</span> <span class='ocrx_word' id='word_1_92' title='bbox 697 1047 901 1089; x_wconf 79' lang='lat' dir='ltr'>Meletum</span> <span class='ocrx_word' id='word_1_93' title='bbox 943 1048 1126 1102; x_wconf 87' lang='lat' dir='ltr'>triginta</span> <span class='ocrx_word' id='word_1_94' title='bbox 1168 1050 1362 1102; x_wconf 85' lang='lat' dir='ltr'>tyrannis</span> <span class='ocrx_word' id='word_1_95' title='bbox 1394 1050 1702 1102; x_wconf 79' lang='lat' dir='ltr'>imperantibus</span> 
     </span>
     <span class='ocr_line' id='line_1_13' title="bbox 87 1102 1702 1160; baseline 0.005 -17"><span class='ocrx_word' id='word_1_96' title='bbox 87 1102 297 1144; x_wconf 82' lang='lat' dir='ltr'>Leontem</span> <span class='ocrx_word' id='word_1_97' title='bbox 329 1104 540 1154; x_wconf 83' lang='lat' dir='ltr'>quendam</span> <span class='ocrx_word' id='word_1_98' title='bbox 571 1104 615 1146; x_wconf 92' lang='lat' dir='ltr'>in</span> <span class='ocrx_word' id='word_1_99' title='bbox 648 1118 860 1147; x_wconf 80' lang='lat' dir='ltr'>carcerem</span> <span class='ocrx_word' id='word_1_100' title='bbox 893 1107 1130 1160; x_wconf 81' lang='lat' dir='ltr'>deduxisse,</span> <span class='ocrx_word' id='word_1_101' title='bbox 1163 1113 1206 1149; x_wconf 83' lang='lat' dir='ltr'>et</span> <span class='ocrx_word' id='word_1_102' title='bbox 1237 1109 1348 1150; x_wconf 90' lang='lat' dir='ltr'>hunc</span> <span class='ocrx_word' id='word_1_103' title='bbox 1379 1108 1542 1150; x_wconf 90' lang='lat' dir='ltr'>indicta</span> <span class='ocrx_word' id='word_1_104' title='bbox 1574 1122 1702 1151; x_wconf 90' lang='lat' dir='ltr'>causa</span> 
     </span>
     <span class='ocr_line' id='line_1_14' title="bbox 88 1161 1702 1217; baseline 0.004 -15"><span class='ocrx_word' id='word_1_105' title='bbox 88 1161 299 1213; x_wconf 89' lang='lat' dir='ltr'>supplicio</span> <span class='ocrx_word' id='word_1_106' title='bbox 333 1162 534 1204; x_wconf 81' lang='lat' dir='ltr'>affectum</span> <span class='ocrx_word' id='word_1_107' title='bbox 567 1176 659 1205; x_wconf 89' lang='lat' dir='ltr'>esse</span> <span class='ocrx_word' id='word_1_108' title='bbox 690 1165 932 1206; x_wconf 83' lang='lat' dir='ltr'>Andocides</span> <span class='ocrx_word' id='word_1_109' title='bbox 964 1170 1133 1217; x_wconf 81' lang='lat' dir='ltr'>narrat3</span> <span class='ocrx_word' id='word_1_110' title='bbox 1172 1166 1319 1208; x_wconf 90' lang='lat' dir='ltr'>liberis</span> <span class='ocrx_word' id='word_1_111' title='bbox 1352 1170 1493 1208; x_wconf 89' lang='lat' dir='ltr'>autem</span> <span class='ocrx_word' id='word_1_112' title='bbox 1524 1172 1702 1209; x_wconf 89' lang='lat' dir='ltr'>mortem</span> 
     </span>
     <span class='ocr_line' id='line_1_15' title="bbox 86 1220 1701 1278; baseline 0.004 -17"><span class='ocrx_word' id='word_1_113' title='bbox 86 1220 226 1273; x_wconf 77' lang='lat' dir='ltr'>patris</span> <span class='ocrx_word' id='word_1_114' title='bbox 247 1221 398 1262; x_wconf 78' lang='lat' dir='ltr'>ulcisci</span> <span class='ocrx_word' id='word_1_115' title='bbox 418 1234 503 1263; x_wconf 88' lang='lat' dir='ltr'>non</span> <span class='ocrx_word' id='word_1_116' title='bbox 523 1222 666 1275; x_wconf 79' lang='lat' dir='ltr'>licere,</span> <span class='ocrx_word' id='word_1_117' title='bbox 698 1224 757 1263; x_wconf 83' lang='grc' dir='ltr'>ὅτι</span> <span class='ocrx_word' id='word_1_118' title='bbox 788 1228 870 1269; x_wconf 84' lang='grc' dir='ltr'><em>τοῖς</em></span> <span class='ocrx_word' id='word_1_119' title='bbox 901 1224 1045 1277; x_wconf 86' lang='grc' dir='ltr'><em>νόμοις</em></span> <span class='ocrx_word' id='word_1_120' title='bbox 1077 1225 1140 1265; x_wconf 89' lang='grc' dir='ltr'>δεῖ</span> <span class='ocrx_word' id='word_1_121' title='bbox 1167 1227 1349 1278; x_wconf 75' lang='grc' dir='ltr'>χρῆσθαι</span> <span class='ocrx_word' id='word_1_122' title='bbox 1377 1227 1447 1265; x_wconf 81' lang='grc' dir='ltr'>ἀπ’</span> <span class='ocrx_word' id='word_1_123' title='bbox 1471 1226 1701 1267; x_wconf 79' lang='grc' dir='ltr'><em>Εὐκλείδου</em></span> 
     </span>
     <span class='ocr_line' id='line_1_16' title="bbox 87 1280 1702 1336; baseline 0.004 -17"><span class='ocrx_word' id='word_1_124' title='bbox 87 1281 301 1332; x_wconf 79' lang='grc' dir='ltr'><em>ἄρχοντος.</em></span> <span class='ocrx_word' id='word_1_125' title='bbox 363 1280 622 1333; x_wconf 87' lang='lat' dir='ltr'>Epicharem</span> <span class='ocrx_word' id='word_1_126' title='bbox 665 1294 779 1334; x_wconf 86' lang='lat' dir='ltr'>vero,</span> <span class='ocrx_word' id='word_1_127' title='bbox 822 1295 914 1323; x_wconf 93' lang='lat' dir='ltr'>cum</span> <span class='ocrx_word' id='word_1_128' title='bbox 946 1283 1129 1336; x_wconf 84' lang='lat' dir='ltr'>triginta</span> <span class='ocrx_word' id='word_1_129' title='bbox 1159 1284 1356 1336; x_wconf 74' lang='lat' dir='ltr'>tyrannis</span> <span class='ocrx_word' id='word_1_130' title='bbox 1388 1284 1702 1326; x_wconf 80' lang='lat' dir='ltr'>dominantibus</span> 
     </span>
     <span class='ocr_line' id='line_1_17' title="bbox 87 1338 1703 1396; baseline 0.004 -17"><span class='ocrx_word' id='word_1_131' title='bbox 87 1338 259 1380; x_wconf 90' lang='lat' dir='ltr'>senatui</span> <span class='ocrx_word' id='word_1_132' title='bbox 301 1338 583 1393; x_wconf 76' lang='lat' dir='ltr'>interfuisset,</span> <span class='ocrx_word' id='word_1_133' title='bbox 627 1341 781 1393; x_wconf 85' lang='lat' dir='ltr'>capitis</span> <span class='ocrx_word' id='word_1_134' title='bbox 813 1354 991 1393; x_wconf 90' lang='lat' dir='ltr'>poenam</span> <span class='ocrx_word' id='word_1_135' title='bbox 1024 1342 1318 1384; x_wconf 89' lang='lat' dir='ltr'>commeruisse</span> <span class='ocrx_word' id='word_1_136' title='bbox 1362 1342 1551 1396; x_wconf 82' lang='lat' dir='ltr'>exlege,</span> <span class='ocrx_word' id='word_1_137' title='bbox 1595 1356 1703 1395; x_wconf 91' lang='lat' dir='ltr'>quae</span> 
     </span>
     <span class='ocr_line' id='line_1_18' title="bbox 87 1397 1700 1455; baseline 0.002 -17"><span class='ocrx_word' id='word_1_138' title='bbox 87 1397 380 1450; x_wconf 77' lang='lat' dir='ltr'>praeciperet:</span> <span class='ocrx_word' id='word_1_139' title='bbox 428 1400 475 1444; x_wconf 83' lang='grc' dir='ltr'>ὃς</span> <span class='ocrx_word' id='word_1_140' title='bbox 516 1401 567 1439; x_wconf 78' lang='grc' dir='ltr'>ἂν</span> <span class='ocrx_word' id='word_1_141' title='bbox 609 1401 714 1453; x_wconf 77' lang='grc' dir='ltr'><em>ἄρξῃ</em></span> <span class='ocrx_word' id='word_1_142' title='bbox 757 1401 800 1440; x_wconf 79' lang='grc' dir='ltr'>ἒν</span> <span class='ocrx_word' id='word_1_143' title='bbox 831 1405 879 1453; x_wconf 79' lang='grc' dir='ltr'>τῇ</span> <span class='ocrx_word' id='word_1_144' title='bbox 922 1401 1037 1441; x_wconf 80' lang='grc' dir='ltr'><em>πόλει</em></span> <span class='ocrx_word' id='word_1_145' title='bbox 1077 1401 1358 1454; x_wconf 78' lang='grc' dir='ltr'><em>δημοκρατίας</em></span> <span class='ocrx_word' id='word_1_146' title='bbox 1388 1402 1700 1455; x_wconf 75' lang='grc' dir='ltr'><strong><em>καταλυθείσης,</em></strong></span> 
     </span>
     <span class='ocr_line' id='line_1_19' title="bbox 87 1457 1701 1513; baseline 0.002 -16"><span class='ocrx_word' id='word_1_147' title='bbox 87 1457 262 1510; x_wconf 86' lang='grc' dir='ltr'><em>νηπονεὶ</em></span> <span class='ocrx_word' id='word_1_148' title='bbox 292 1457 499 1504; x_wconf 73' lang='grc' dir='ltr'><em>τεθνάναι,</em></span> <span class='ocrx_word' id='word_1_149' title='bbox 531 1459 602 1498; x_wconf 80' lang='grc' dir='ltr'>καὶ</span> <span class='ocrx_word' id='word_1_150' title='bbox 632 1458 703 1499; x_wconf 82' lang='grc' dir='ltr'>τὸν</span> <span class='ocrx_word' id='word_1_151' title='bbox 734 1459 1031 1499; x_wconf 81' lang='grc' dir='ltr'><em>ἀποκτείναντα</em></span> <span class='ocrx_word' id='word_1_152' title='bbox 1063 1460 1178 1500; x_wconf 86' lang='grc' dir='ltr'><em>ὅσιον</em></span> <span class='ocrx_word' id='word_1_153' title='bbox 1211 1459 1311 1500; x_wconf 81' lang='grc' dir='ltr'><em>εἶναι</em></span> <span class='ocrx_word' id='word_1_154' title='bbox 1342 1460 1412 1499; x_wconf 81' lang='grc' dir='ltr'>καὶ</span> <span class='ocrx_word' id='word_1_155' title='bbox 1443 1460 1488 1500; x_wconf 82' lang='grc' dir='ltr'>τὰ</span> <span class='ocrx_word' id='word_1_156' title='bbox 1511 1462 1701 1513; x_wconf 81' lang='grc' dir='ltr'><em>χρήματα</em></span> 
     </span>
     <span class='ocr_line' id='line_1_20' title="bbox 89 1516 1702 1570; baseline 0.002 -14"><span class='ocrx_word' id='word_1_157' title='bbox 89 1517 196 1568; x_wconf 78' lang='grc' dir='ltr'><em>ἔχειν</em></span> <span class='ocrx_word' id='word_1_158' title='bbox 227 1520 301 1556; x_wconf 81' lang='grc' dir='ltr'>τοῦ</span> <span class='ocrx_word' id='word_1_159' title='bbox 334 1516 637 1563; x_wconf 71' lang='grc' dir='ltr'><em>ἀποθανόντος,</em></span> <span class='ocrx_word' id='word_1_160' title='bbox 672 1529 798 1568; x_wconf 90' lang='lat' dir='ltr'>quam</span> <span class='ocrx_word' id='word_1_161' title='bbox 829 1518 966 1570; x_wconf 83' lang='lat' dir='ltr'>legem</span> <span class='ocrx_word' id='word_1_162' title='bbox 998 1518 1133 1570; x_wconf 89' lang='lat' dir='ltr'>ipsam</span> <span class='ocrx_word' id='word_1_163' title='bbox 1167 1530 1332 1570; x_wconf 89' lang='lat' dir='ltr'>quoque</span> <span class='ocrx_word' id='word_1_164' title='bbox 1353 1518 1521 1559; x_wconf 90' lang='lat' dir='ltr'>irritam</span> <span class='ocrx_word' id='word_1_165' title='bbox 1544 1518 1702 1560; x_wconf 79' lang='lat' dir='ltr'>factam</span> 
     </span>
     <span class='ocr_line' id='line_1_21' title="bbox 89 1574 1486 1630; baseline 0.001 -14"><span class='ocrx_word' id='word_1_166' title='bbox 89 1587 183 1616; x_wconf 89' lang='lat' dir='ltr'>esse</span> <span class='ocrx_word' id='word_1_167' title='bbox 214 1574 383 1628; x_wconf 86' lang='lat' dir='ltr'>legibus</span> <span class='ocrx_word' id='word_1_168' title='bbox 405 1575 503 1617; x_wconf 88' lang='lat' dir='ltr'>inde</span> <span class='ocrx_word' id='word_1_169' title='bbox 536 1576 589 1617; x_wconf 88' lang='lat' dir='ltr'>ab</span> <span class='ocrx_word' id='word_1_170' title='bbox 621 1576 802 1617; x_wconf 86' lang='lat' dir='ltr'>Euclide</span> <span class='ocrx_word' id='word_1_171' title='bbox 835 1577 1040 1618; x_wconf 88' lang='lat' dir='ltr'>archonte</span> <span class='ocrx_word' id='word_1_172' title='bbox 1070 1576 1315 1618; x_wconf 86' lang='lat' dir='ltr'>valentibus</span> <span class='ocrx_word' id='word_1_173' title='bbox 1348 1577 1384 1630; x_wconf 63' lang='grc' dir='ltr'>(ξ</span> <span class='ocrx_word' id='word_1_174' title='bbox 1406 1576 1486 1623; x_wconf 76' lang='grc'><strong>99).</strong></span> 
     </span>
    </p>

    <p class='ocr_par' dir='ltr' id='par_1_4' title="bbox 89 1633 1704 1863">
     <span class='ocr_line' id='line_1_22' title="bbox 208 1633 1703 1687; baseline 0.001 -12"><span class='ocrx_word' id='word_1_175' title='bbox 208 1633 329 1687; x_wconf 84' lang='lat' dir='ltr'>Quae</span> <span class='ocrx_word' id='word_1_176' title='bbox 371 1646 463 1675; x_wconf 92' lang='lat' dir='ltr'>cum</span> <span class='ocrx_word' id='word_1_177' title='bbox 506 1635 569 1676; x_wconf 86' lang='lat' dir='ltr'>ita</span> <span class='ocrx_word' id='word_1_178' title='bbox 611 1635 709 1687; x_wconf 88' lang='lat' dir='ltr'>sint,</span> <span class='ocrx_word' id='word_1_179' title='bbox 752 1634 927 1676; x_wconf 86' lang='lat' dir='ltr'>difficile</span> <span class='ocrx_word' id='word_1_180' title='bbox 959 1638 1025 1676; x_wconf 90' lang='lat' dir='ltr'>est</span> <span class='ocrx_word' id='word_1_181' title='bbox 1057 1636 1229 1676; x_wconf 90' lang='lat' dir='ltr'>credere</span> <span class='ocrx_word' id='word_1_182' title='bbox 1262 1647 1512 1686; x_wconf 85' lang='lat' dir='ltr'>quemquam</span> <span class='ocrx_word' id='word_1_183' title='bbox 1544 1635 1703 1677; x_wconf 76' lang='lat' dir='ltr'>dixisse</span> 
     </span>
     <span class='ocr_line' id='line_1_23' title="bbox 89 1692 1703 1747; baseline 0 -13"><span class='ocrx_word' id='word_1_184' title='bbox 89 1693 261 1734; x_wconf 77' lang='lat' dir='ltr'>actione</span> <span class='ocrx_word' id='word_1_185' title='bbox 282 1692 422 1734; x_wconf 79' lang='lat' dir='ltr'>finita:</span> <span class='ocrx_word' id='word_1_186' title='bbox 445 1694 583 1746; x_wconf 78' lang='grc' dir='ltr'><em>ἕτερος</em></span> <span class='ocrx_word' id='word_1_187' title='bbox 606 1693 707 1744; x_wconf 75' lang='lat' dir='ltr'>(scil.</span> <span class='ocrx_word' id='word_1_188' title='bbox 730 1694 874 1746; x_wconf 75' lang='grc' dir='ltr'><em>καιρὸς</em></span> <span class='ocrx_word' id='word_1_189' title='bbox 897 1697 1051 1746; x_wconf 80' lang='grc' dir='ltr'><em>γνῶναι</em></span> <span class='ocrx_word' id='word_1_190' title='bbox 1071 1694 1118 1734; x_wconf 79' lang='grc' dir='ltr'>τὰ</span> <span class='ocrx_word' id='word_1_191' title='bbox 1143 1695 1291 1745; x_wconf 81' lang='grc' dir='ltr'><em>δίκαια)</em></span> <span class='ocrx_word' id='word_1_192' title='bbox 1316 1694 1360 1734; x_wconf 82' lang='grc' dir='ltr'>δὲ</span> <span class='ocrx_word' id='word_1_193' title='bbox 1381 1696 1466 1747; x_wconf 82' lang='grc' dir='ltr'><em>ἥξει</em></span> <span class='ocrx_word' id='word_1_194' title='bbox 1489 1728 1496 1735; x_wconf 94' lang='grc'><strong>.</strong></span> <span class='ocrx_word' id='word_1_195' title='bbox 1520 1728 1528 1735; x_wconf 94' lang='grc'><strong>.</strong></span> <span class='ocrx_word' id='word_1_196' title='bbox 1550 1726 1557 1734; x_wconf 94' lang='grc'><em>.</em></span> <span class='ocrx_word' id='word_1_197' title='bbox 1581 1696 1703 1747; x_wconf 83' lang='grc' dir='ltr'><em>ἡμῶν</em></span> 
     </span>
     <span class='ocr_line' id='line_1_24' title="bbox 89 1752 1704 1806; baseline 0.001 -14"><span class='ocrx_word' id='word_1_198' title='bbox 89 1753 265 1805; x_wconf 77' lang='grc' dir='ltr'><strong><em>ἑκάστῳ,</em></strong></span> <span class='ocrx_word' id='word_1_199' title='bbox 298 1756 345 1793; x_wconf 89' lang='lat' dir='ltr'>at</span> <span class='ocrx_word' id='word_1_200' title='bbox 375 1752 469 1794; x_wconf 90' lang='lat' dir='ltr'>veri</span> <span class='ocrx_word' id='word_1_201' title='bbox 493 1756 558 1794; x_wconf 90' lang='lat' dir='ltr'>est</span> <span class='ocrx_word' id='word_1_202' title='bbox 580 1752 838 1794; x_wconf 90' lang='lat' dir='ltr'>simillimum</span> <span class='ocrx_word' id='word_1_203' title='bbox 859 1752 935 1794; x_wconf 90' lang='lat' dir='ltr'>illa</span> <span class='ocrx_word' id='word_1_204' title='bbox 962 1753 985 1806; x_wconf 68' lang='grc' dir='ltr'>ξ</span> <span class='ocrx_word' id='word_1_205' title='bbox 1008 1752 1062 1792; x_wconf 81' lang='grc'>42</span> <span class='ocrx_word' id='word_1_206' title='bbox 1084 1753 1219 1794; x_wconf 87' lang='lat' dir='ltr'>verba</span> <span class='ocrx_word' id='word_1_207' title='bbox 1242 1752 1286 1793; x_wconf 91' lang='lat' dir='ltr'>in</span> <span class='ocrx_word' id='word_1_208' title='bbox 1307 1765 1411 1794; x_wconf 88' lang='lat' dir='ltr'>vera</span> <span class='ocrx_word' id='word_1_209' title='bbox 1433 1753 1704 1794; x_wconf 85' lang='lat' dir='ltr'>accusatione</span> 
     </span>
     <span class='ocr_line' id='line_1_25' title="bbox 90 1811 399 1863; baseline 0 -10"><span class='ocrx_word' id='word_1_210' title='bbox 90 1823 184 1853; x_wconf 90' lang='lat' dir='ltr'>esse</span> <span class='ocrx_word' id='word_1_211' title='bbox 216 1811 399 1863; x_wconf 88' lang='lat' dir='ltr'>prolata.</span> 
     </span>
    </p>

    <p class='ocr_par' dir='ltr' id='par_1_5' title="bbox 89 1869 1709 3044">
     <span class='ocr_line' id='line_1_26' title="bbox 207 1869 1703 1922; baseline -0.001 -10"><span class='ocrx_word' id='word_1_212' title='bbox 207 1871 343 1912; x_wconf 87' lang='lat' dir='ltr'>Porro</span> <span class='ocrx_word' id='word_1_213' title='bbox 376 1870 538 1912; x_wconf 89' lang='lat' dir='ltr'>Weber</span> <span class='ocrx_word' id='word_1_214' title='bbox 570 1872 620 1922; x_wconf 91' lang='lat' dir='ltr'>(p.</span> <span class='ocrx_word' id='word_1_215' title='bbox 643 1870 710 1911; x_wconf 78' lang='lat'>28.</span> <span class='ocrx_word' id='word_1_216' title='bbox 734 1869 802 1921; x_wconf 82' lang='lat'>30)</span> <span class='ocrx_word' id='word_1_217' title='bbox 835 1873 878 1911; x_wconf 89' lang='lat' dir='ltr'>et</span> <span class='ocrx_word' id='word_1_218' title='bbox 901 1870 1133 1912; x_wconf 86' lang='lat' dir='ltr'>Schneider</span> <span class='ocrx_word' id='word_1_219' title='bbox 1165 1871 1215 1922; x_wconf 91' lang='lat' dir='ltr'>(p.</span> <span class='ocrx_word' id='word_1_220' title='bbox 1239 1869 1335 1921; x_wconf 82' lang='lat'>368)</span> <span class='ocrx_word' id='word_1_221' title='bbox 1369 1870 1600 1911; x_wconf 87' lang='lat' dir='ltr'>orationem</span> <span class='ocrx_word' id='word_1_222' title='bbox 1632 1870 1703 1911; x_wconf 88' lang='lat' dir='ltr'>VI.</span> 
     </span>
     <span class='ocr_line' id='line_1_27' title="bbox 89 1928 1705 1981; baseline -0.001 -10"><span class='ocrx_word' id='word_1_223' title='bbox 89 1929 135 1970; x_wconf 91' lang='lat' dir='ltr'>in</span> <span class='ocrx_word' id='word_1_224' title='bbox 166 1929 324 1971; x_wconf 88' lang='lat' dir='ltr'>iudicio</span> <span class='ocrx_word' id='word_1_225' title='bbox 366 1929 562 1971; x_wconf 89' lang='lat' dir='ltr'>habitam</span> <span class='ocrx_word' id='word_1_226' title='bbox 593 1942 677 1970; x_wconf 89' lang='lat' dir='ltr'>non</span> <span class='ocrx_word' id='word_1_227' title='bbox 717 1941 808 1970; x_wconf 89' lang='lat' dir='ltr'>esse</span> <span class='ocrx_word' id='word_1_228' title='bbox 840 1929 938 1970; x_wconf 91' lang='lat' dir='ltr'>inde</span> <span class='ocrx_word' id='word_1_229' title='bbox 971 1941 1178 1981; x_wconf 89' lang='lat' dir='ltr'>apparere</span> <span class='ocrx_word' id='word_1_230' title='bbox 1211 1932 1395 1980; x_wconf 87' lang='lat' dir='ltr'>censent,</span> <span class='ocrx_word' id='word_1_231' title='bbox 1437 1929 1548 1979; x_wconf 90' lang='lat' dir='ltr'>quod</span> <span class='ocrx_word' id='word_1_232' title='bbox 1578 1928 1622 1969; x_wconf 91' lang='lat' dir='ltr'>in</span> <span class='ocrx_word' id='word_1_233' title='bbox 1655 1940 1705 1969; x_wconf 90' lang='lat' dir='ltr'>ea</span> 
     </span>
     <span class='ocr_line' id='line_1_28' title="bbox 90 1986 1705 2040; baseline -0.002 -10"><span class='ocrx_word' id='word_1_234' title='bbox 90 1988 305 2030; x_wconf 85' lang='lat' dir='ltr'>Andocidi</span> <span class='ocrx_word' id='word_1_235' title='bbox 329 1988 508 2030; x_wconf 86' lang='lat' dir='ltr'>crimina</span> <span class='ocrx_word' id='word_1_236' title='bbox 530 1989 738 2040; x_wconf 91' lang='lat' dir='ltr'>quaedam</span> <span class='ocrx_word' id='word_1_237' title='bbox 761 1987 1015 2039; x_wconf 88' lang='lat' dir='ltr'>obiciuntur,</span> <span class='ocrx_word' id='word_1_238' title='bbox 1054 1988 1109 2028; x_wconf 90' lang='lat' dir='ltr'>ad</span> <span class='ocrx_word' id='word_1_239' title='bbox 1141 1999 1249 2038; x_wconf 88' lang='lat' dir='ltr'>quae</span> <span class='ocrx_word' id='word_1_240' title='bbox 1280 1987 1354 2028; x_wconf 89' lang='lat' dir='ltr'>ille</span> <span class='ocrx_word' id='word_1_241' title='bbox 1384 1987 1428 2027; x_wconf 90' lang='lat' dir='ltr'>in</span> <span class='ocrx_word' id='word_1_242' title='bbox 1460 1986 1705 2028; x_wconf 82' lang='lat' dir='ltr'>defensione</span> 
     </span>
     <span class='ocr_line' id='line_1_29' title="bbox 89 2046 1704 2100; baseline -0.002 -11"><span class='ocrx_word' id='word_1_243' title='bbox 89 2060 175 2089; x_wconf 95' lang='lat' dir='ltr'>non</span> <span class='ocrx_word' id='word_1_244' title='bbox 206 2048 449 2100; x_wconf 87' lang='lat' dir='ltr'>respondet.</span> <span class='ocrx_word' id='word_1_245' title='bbox 510 2048 580 2088; x_wconf 91' lang='lat' dir='ltr'>Ad</span> <span class='ocrx_word' id='word_1_246' title='bbox 612 2048 690 2088; x_wconf 92' lang='lat' dir='ltr'>hoc</span> <span class='ocrx_word' id='word_1_247' title='bbox 723 2050 1020 2100; x_wconf 86' lang='lat' dir='ltr'>argumentum</span> <span class='ocrx_word' id='word_1_248' title='bbox 1053 2046 1372 2087; x_wconf 89' lang='lat' dir='ltr'>convellendum</span> <span class='ocrx_word' id='word_1_249' title='bbox 1405 2046 1511 2086; x_wconf 89' lang='lat' dir='ltr'>haec</span> <span class='ocrx_word' id='word_1_250' title='bbox 1532 2049 1704 2097; x_wconf 91' lang='lat' dir='ltr'>reputes</span> 
     </span>
     <span class='ocr_line' id='line_1_30' title="bbox 90 2103 1705 2149; baseline -0.002 -1"><span class='ocrx_word' id='word_1_251' title='bbox 90 2107 242 2148; x_wconf 87' lang='lat' dir='ltr'>velim:</span> <span class='ocrx_word' id='word_1_252' title='bbox 277 2107 379 2149; x_wconf 89' lang='lat' dir='ltr'>Cum</span> <span class='ocrx_word' id='word_1_253' title='bbox 413 2111 456 2148; x_wconf 90' lang='lat' dir='ltr'>et</span> <span class='ocrx_word' id='word_1_254' title='bbox 489 2110 715 2147; x_wconf 89' lang='lat' dir='ltr'>accusator</span> <span class='ocrx_word' id='word_1_255' title='bbox 746 2109 790 2147; x_wconf 91' lang='lat' dir='ltr'>et</span> <span class='ocrx_word' id='word_1_256' title='bbox 820 2117 918 2147; x_wconf 91' lang='lat' dir='ltr'>reus</span> <span class='ocrx_word' id='word_1_257' title='bbox 948 2104 1186 2146; x_wconf 89' lang='lat' dir='ltr'>adversarii</span> <span class='ocrx_word' id='word_1_258' title='bbox 1209 2104 1442 2145; x_wconf 87' lang='lat' dir='ltr'>orationem</span> <span class='ocrx_word' id='word_1_259' title='bbox 1465 2108 1564 2145; x_wconf 90' lang='lat' dir='ltr'>ante</span> <span class='ocrx_word' id='word_1_260' title='bbox 1585 2103 1705 2144; x_wconf 90' lang='lat' dir='ltr'>litem</span> 
     </span>
     <span class='ocr_line' id='line_1_31' title="bbox 90 2162 1706 2219; baseline -0.002 -12"><span class='ocrx_word' id='word_1_261' title='bbox 90 2166 356 2219; x_wconf 84' lang='lat' dir='ltr'>ignorarent,</span> <span class='ocrx_word' id='word_1_262' title='bbox 398 2169 624 2207; x_wconf 89' lang='lat' dir='ltr'>accusator</span> <span class='ocrx_word' id='word_1_263' title='bbox 667 2164 817 2217; x_wconf 91' lang='lat' dir='ltr'>omnia,</span> <span class='ocrx_word' id='word_1_264' title='bbox 861 2176 969 2216; x_wconf 90' lang='lat' dir='ltr'>quae</span> <span class='ocrx_word' id='word_1_265' title='bbox 1009 2176 1128 2205; x_wconf 90' lang='lat' dir='ltr'>reum</span> <span class='ocrx_word' id='word_1_266' title='bbox 1168 2175 1243 2215; x_wconf 86' lang='lat' dir='ltr'>pro</span> <span class='ocrx_word' id='word_1_267' title='bbox 1287 2175 1331 2204; x_wconf 91' lang='lat' dir='ltr'>se</span> <span class='ocrx_word' id='word_1_268' title='bbox 1370 2162 1580 2203; x_wconf 91' lang='lat' dir='ltr'>dicturum</span> <span class='ocrx_word' id='word_1_269' title='bbox 1614 2174 1706 2203; x_wconf 90' lang='lat' dir='ltr'>esse</span> 
     </span>
     <span class='ocr_line' id='line_1_32' title="bbox 91 2221 1705 2277; baseline -0.003 -11"><span class='ocrx_word' id='word_1_270' title='bbox 91 2225 408 2277; x_wconf 89' lang='lat' dir='ltr'>suspicabatur,</span> <span class='ocrx_word' id='word_1_271' title='bbox 440 2224 648 2277; x_wconf 83' lang='lat' dir='ltr'>indagare</span> <span class='ocrx_word' id='word_1_272' title='bbox 677 2227 732 2276; x_wconf 89' lang='lat' dir='ltr'>et,</span> <span class='ocrx_word' id='word_1_273' title='bbox 764 2226 813 2264; x_wconf 89' lang='lat' dir='ltr'>ut</span> <span class='ocrx_word' id='word_1_274' title='bbox 835 2222 1106 2274; x_wconf 73' lang='lat' dir='ltr'>convelleret,</span> <span class='ocrx_word' id='word_1_275' title='bbox 1138 2222 1310 2263; x_wconf 88' lang='lat' dir='ltr'>studere</span> <span class='ocrx_word' id='word_1_276' title='bbox 1333 2221 1536 2271; x_wconf 82' lang='lat' dir='ltr'>debebat3</span> <span class='ocrx_word' id='word_1_277' title='bbox 1567 2232 1705 2272; x_wconf 89' lang='lat' dir='ltr'>porro,</span> 
     </span>
     <span class='ocr_line' id='line_1_33' title="bbox 93 2278 1706 2336; baseline -0.004 -11"><span class='ocrx_word' id='word_1_278' title='bbox 93 2284 166 2336; x_wconf 89' lang='lat' dir='ltr'>qui</span> <span class='ocrx_word' id='word_1_279' title='bbox 198 2284 320 2326; x_wconf 84' lang='lat' dir='ltr'>litem</span> <span class='ocrx_word' id='word_1_280' title='bbox 348 2283 636 2335; x_wconf 89' lang='lat' dir='ltr'>intenderant,</span> <span class='ocrx_word' id='word_1_281' title='bbox 668 2282 732 2324; x_wconf 88' lang='lat' dir='ltr'>ita</span> <span class='ocrx_word' id='word_1_282' title='bbox 762 2295 851 2323; x_wconf 92' lang='lat' dir='ltr'>rem</span> <span class='ocrx_word' id='word_1_283' title='bbox 873 2294 990 2323; x_wconf 89' lang='lat' dir='ltr'>suam</span> <span class='ocrx_word' id='word_1_284' title='bbox 1012 2281 1165 2322; x_wconf 77' lang='lat' dir='ltr'>fulcire</span> <span class='ocrx_word' id='word_1_285' title='bbox 1189 2281 1462 2331; x_wconf 89' lang='lat' dir='ltr'>conabantur,</span> <span class='ocrx_word' id='word_1_286' title='bbox 1495 2282 1544 2320; x_wconf 91' lang='lat' dir='ltr'>ut</span> <span class='ocrx_word' id='word_1_287' title='bbox 1566 2278 1706 2320; x_wconf 88' lang='lat' dir='ltr'>omnia</span> 
     </span>
     <span class='ocr_line' id='line_1_34' title="bbox 93 2337 1706 2394; baseline -0.004 -9"><span class='ocrx_word' id='word_1_288' title='bbox 93 2343 157 2385; x_wconf 87' lang='lat' dir='ltr'>rei</span> <span class='ocrx_word' id='word_1_289' title='bbox 188 2343 423 2385; x_wconf 80' lang='lat' dir='ltr'>malefacta</span> <span class='ocrx_word' id='word_1_290' title='bbox 453 2343 499 2383; x_wconf 90' lang='lat' dir='ltr'>in</span> <span class='ocrx_word' id='word_1_291' title='bbox 529 2343 666 2384; x_wconf 92' lang='lat' dir='ltr'>lucem</span> <span class='ocrx_word' id='word_1_292' title='bbox 698 2341 1011 2394; x_wconf 87' lang='lat' dir='ltr'>protraherent,</span> <span class='ocrx_word' id='word_1_293' title='bbox 1044 2343 1087 2381; x_wconf 87' lang='lat' dir='ltr'>et</span> <span class='ocrx_word' id='word_1_294' title='bbox 1109 2350 1396 2390; x_wconf 88' lang='lat' dir='ltr'>quaecumque</span> <span class='ocrx_word' id='word_1_295' title='bbox 1427 2338 1500 2379; x_wconf 90' lang='lat' dir='ltr'>ille</span> <span class='ocrx_word' id='word_1_296' title='bbox 1531 2337 1706 2388; x_wconf 76' lang='lat' dir='ltr'>fecerat,</span> 
     </span>
     <span class='ocr_line' id='line_1_35' title="bbox 93 2396 1704 2455; baseline -0.005 -11"><span class='ocrx_word' id='word_1_297' title='bbox 93 2403 290 2455; x_wconf 84' lang='lat' dir='ltr'>augendo</span> <span class='ocrx_word' id='word_1_298' title='bbox 324 2405 368 2443; x_wconf 91' lang='lat' dir='ltr'>et</span> <span class='ocrx_word' id='word_1_299' title='bbox 399 2402 443 2443; x_wconf 86' lang='lat' dir='ltr'>in</span> <span class='ocrx_word' id='word_1_300' title='bbox 475 2401 664 2443; x_wconf 84' lang='lat' dir='ltr'>deterius</span> <span class='ocrx_word' id='word_1_301' title='bbox 696 2400 905 2442; x_wconf 89' lang='lat' dir='ltr'>trahendo</span> <span class='ocrx_word' id='word_1_302' title='bbox 938 2399 977 2440; x_wconf 92' lang='lat' dir='ltr'>ei</span> <span class='ocrx_word' id='word_1_303' title='bbox 1009 2398 1328 2450; x_wconf 80' lang='lat' dir='ltr'>exprobrarent,</span> <span class='ocrx_word' id='word_1_304' title='bbox 1359 2401 1408 2438; x_wconf 91' lang='lat' dir='ltr'>ut</span> <span class='ocrx_word' id='word_1_305' title='bbox 1435 2396 1619 2437; x_wconf 89' lang='lat' dir='ltr'>iudicum</span> <span class='ocrx_word' id='word_1_306' title='bbox 1643 2396 1704 2436; x_wconf 90' lang='lat' dir='ltr'>in-</span> 
     </span>
     <span class='ocr_line' id='line_1_36' title="bbox 93 2455 1706 2510; baseline -0.006 -7"><span class='ocrx_word' id='word_1_307' title='bbox 93 2461 256 2503; x_wconf 82' lang='lat' dir='ltr'>vidiam</span> <span class='ocrx_word' id='word_1_308' title='bbox 286 2461 540 2503; x_wconf 78' lang='lat' dir='ltr'>excitarent.</span> <span class='ocrx_word' id='word_1_309' title='bbox 589 2460 650 2502; x_wconf 76' lang='lat' dir='ltr'>Cf.</span> <span class='ocrx_word' id='word_1_310' title='bbox 672 2460 780 2501; x_wconf 77' lang='lat' dir='ltr'>And.</span> <span class='ocrx_word' id='word_1_311' title='bbox 802 2459 847 2500; x_wconf 90' lang='grc' dir='ltr'>Π</span> <span class='ocrx_word' id='word_1_312' title='bbox 869 2458 913 2499; x_wconf 77' lang='lat'>5:</span> <span class='ocrx_word' id='word_1_313' title='bbox 945 2458 989 2498; x_wconf 85' lang='grc' dir='ltr'>τὸ</span> <span class='ocrx_word' id='word_1_314' title='bbox 1019 2458 1054 2497; x_wconf 87' lang='grc' dir='ltr'>δ’</span> <span class='ocrx_word' id='word_1_315' title='bbox 1078 2456 1249 2510; x_wconf 81' lang='grc' dir='ltr'>ἰσχυρὸν</span> <span class='ocrx_word' id='word_1_316' title='bbox 1280 2460 1398 2497; x_wconf 84' lang='grc' dir='ltr'><em>τοῦτο</em></span> <span class='ocrx_word' id='word_1_317' title='bbox 1429 2455 1562 2507; x_wconf 85' lang='grc' dir='ltr'><em>μόνον</em></span> <span class='ocrx_word' id='word_1_318' title='bbox 1593 2455 1706 2506; x_wconf 75' lang='grc' dir='ltr'><em>εὕροι</em></span> 
     </span>
     <span class='ocr_line' id='line_1_37' title="bbox 92 2513 1704 2571; baseline -0.006 -10"><span class='ocrx_word' id='word_1_319' title='bbox 92 2537 150 2566; x_wconf 84' lang='grc' dir='ltr'>τις</span> <span class='ocrx_word' id='word_1_320' title='bbox 182 2522 234 2561; x_wconf 81' lang='grc' dir='ltr'>ἂν</span> <span class='ocrx_word' id='word_1_321' title='bbox 265 2521 405 2561; x_wconf 81' lang='grc' dir='ltr'><em>αὐτῶν</em></span> <span class='ocrx_word' id='word_1_322' title='bbox 436 2520 480 2560; x_wconf 79' lang='grc' dir='ltr'>ἐν</span> <span class='ocrx_word' id='word_1_323' title='bbox 511 2524 594 2564; x_wconf 83' lang='grc' dir='ltr'><em>τοῖς</em></span> <span class='ocrx_word' id='word_1_324' title='bbox 625 2519 760 2571; x_wconf 74' lang='grc' dir='ltr'><em>λόγοις</em></span> <span class='ocrx_word' id='word_1_325' title='bbox 793 2518 864 2562; x_wconf 81' lang='grc' dir='ltr'>τὰς</span> <span class='ocrx_word' id='word_1_326' title='bbox 895 2516 998 2570; x_wconf 79' lang='grc' dir='ltr'><em>ἐμὰς</em></span> <span class='ocrx_word' id='word_1_327' title='bbox 1019 2515 1243 2568; x_wconf 79' lang='grc' dir='ltr'>συμφορὰς</span> <span class='ocrx_word' id='word_1_328' title='bbox 1264 2515 1328 2555; x_wconf 76' lang='grc' dir='ltr'>ἐπὶ</span> <span class='ocrx_word' id='word_1_329' title='bbox 1348 2514 1465 2553; x_wconf 79' lang='grc' dir='ltr'><em>παντὶ</em></span> <span class='ocrx_word' id='word_1_330' title='bbox 1488 2513 1704 2560; x_wconf 59' lang='grc' dir='ltr'><em>ὀνειδίζειν.</em></span> 
     </span>
     <span class='ocr_line' id='line_1_38' title="bbox 95 2572 1704 2632; baseline -0.007 -10"><span class='ocrx_word' id='word_1_331' title='bbox 95 2579 259 2632; x_wconf 83' lang='lat' dir='ltr'>Quodsi</span> <span class='ocrx_word' id='word_1_332' title='bbox 290 2579 452 2621; x_wconf 87' lang='lat' dir='ltr'>Weber</span> <span class='ocrx_word' id='word_1_333' title='bbox 494 2582 538 2620; x_wconf 90' lang='lat' dir='ltr'>et</span> <span class='ocrx_word' id='word_1_334' title='bbox 570 2577 803 2620; x_wconf 86' lang='lat' dir='ltr'>Schneider</span> <span class='ocrx_word' id='word_1_335' title='bbox 843 2588 961 2617; x_wconf 92' lang='lat' dir='ltr'>reum</span> <span class='ocrx_word' id='word_1_336' title='bbox 1004 2575 1058 2616; x_wconf 88' lang='lat' dir='ltr'>ad</span> <span class='ocrx_word' id='word_1_337' title='bbox 1099 2574 1268 2627; x_wconf 81' lang='lat' dir='ltr'>singula</span> <span class='ocrx_word' id='word_1_338' title='bbox 1308 2573 1384 2614; x_wconf 89' lang='lat' dir='ltr'>illa</span> <span class='ocrx_word' id='word_1_339' title='bbox 1425 2572 1600 2613; x_wconf 90' lang='lat' dir='ltr'>crimina</span> <span class='ocrx_word' id='word_1_340' title='bbox 1641 2583 1704 2612; x_wconf 91' lang='lat' dir='ltr'>re-</span> 
     </span>
     <span class='ocr_line' id='line_1_39' title="bbox 95 2630 1707 2691; baseline -0.007 -10"><span class='ocrx_word' id='word_1_341' title='bbox 95 2639 305 2691; x_wconf 88' lang='lat' dir='ltr'>spondere</span> <span class='ocrx_word' id='word_1_342' title='bbox 351 2649 527 2679; x_wconf 90' lang='lat' dir='ltr'>necesse</span> <span class='ocrx_word' id='word_1_343' title='bbox 574 2649 667 2678; x_wconf 92' lang='lat' dir='ltr'>esse</span> <span class='ocrx_word' id='word_1_344' title='bbox 708 2639 874 2688; x_wconf 87' lang='lat' dir='ltr'>putant,</span> <span class='ocrx_word' id='word_1_345' title='bbox 923 2635 1034 2685; x_wconf 92' lang='lat' dir='ltr'>quod</span> <span class='ocrx_word' id='word_1_346' title='bbox 1074 2645 1176 2674; x_wconf 87' lang='lat' dir='ltr'>vero</span> <span class='ocrx_word' id='word_1_347' title='bbox 1219 2631 1459 2673; x_wconf 87' lang='lat' dir='ltr'>Andocides</span> <span class='ocrx_word' id='word_1_348' title='bbox 1501 2630 1707 2681; x_wconf 89' lang='lat' dir='ltr'>quaedam</span> 
     </span>
     <span class='ocr_line' id='line_1_40' title="bbox 95 2688 1707 2750; baseline -0.007 -10"><span class='ocrx_word' id='word_1_349' title='bbox 95 2697 268 2739; x_wconf 89' lang='lat' dir='ltr'>silentio</span> <span class='ocrx_word' id='word_1_350' title='bbox 286 2696 510 2750; x_wconf 87' lang='lat' dir='ltr'>praeterit,</span> <span class='ocrx_word' id='word_1_351' title='bbox 533 2708 627 2737; x_wconf 91' lang='lat' dir='ltr'>eum</span> <span class='ocrx_word' id='word_1_352' title='bbox 644 2695 741 2736; x_wconf 89' lang='lat' dir='ltr'>illas</span> <span class='ocrx_word' id='word_1_353' title='bbox 760 2692 1077 2735; x_wconf 86' lang='lat' dir='ltr'>criminationes</span> <span class='ocrx_word' id='word_1_354' title='bbox 1098 2704 1182 2733; x_wconf 93' lang='lat' dir='ltr'>non</span> <span class='ocrx_word' id='word_1_355' title='bbox 1204 2690 1418 2732; x_wconf 90' lang='lat' dir='ltr'>audivisse</span> <span class='ocrx_word' id='word_1_356' title='bbox 1441 2688 1707 2739; x_wconf 88' lang='lat' dir='ltr'>concludunt,</span> 
     </span>
     <span class='ocr_line' id='line_1_41' title="bbox 95 2747 1707 2801; baseline -0.008 -2"><span class='ocrx_word' id='word_1_357' title='bbox 95 2756 181 2798; x_wconf 85' lang='lat' dir='ltr'>viri</span> <span class='ocrx_word' id='word_1_358' title='bbox 214 2756 331 2798; x_wconf 89' lang='lat' dir='ltr'>docti</span> <span class='ocrx_word' id='word_1_359' title='bbox 364 2768 509 2798; x_wconf 88' lang='lat' dir='ltr'>errare</span> <span class='ocrx_word' id='word_1_360' title='bbox 540 2754 645 2796; x_wconf 90' lang='lat' dir='ltr'>mihi</span> <span class='ocrx_word' id='word_1_361' title='bbox 676 2753 890 2795; x_wconf 89' lang='lat' dir='ltr'>videntur.</span> <span class='ocrx_word' id='word_1_362' title='bbox 951 2752 1041 2792; x_wconf 85' lang='lat' dir='ltr'>Reo</span> <span class='ocrx_word' id='word_1_363' title='bbox 1075 2750 1185 2791; x_wconf 89' lang='lat' dir='ltr'>enim</span> <span class='ocrx_word' id='word_1_364' title='bbox 1207 2748 1412 2801; x_wconf 87' lang='lat' dir='ltr'>imprimis</span> <span class='ocrx_word' id='word_1_365' title='bbox 1433 2747 1477 2788; x_wconf 92' lang='lat' dir='ltr'>id</span> <span class='ocrx_word' id='word_1_366' title='bbox 1499 2747 1707 2799; x_wconf 86' lang='lat' dir='ltr'>agendum</span> 
     </span>
     <span class='ocr_line' id='line_1_42' title="bbox 96 2805 1707 2868; baseline -0.008 -10"><span class='ocrx_word' id='word_1_367' title='bbox 96 2820 203 2868; x_wconf 87' lang='lat' dir='ltr'>erat,</span> <span class='ocrx_word' id='word_1_368' title='bbox 235 2819 284 2857; x_wconf 89' lang='lat' dir='ltr'>ut</span> <span class='ocrx_word' id='word_1_369' title='bbox 317 2819 447 2867; x_wconf 91' lang='lat' dir='ltr'>caput</span> <span class='ocrx_word' id='word_1_370' title='bbox 479 2812 764 2856; x_wconf 88' lang='lat' dir='ltr'>accusationis</span> <span class='ocrx_word' id='word_1_371' title='bbox 787 2810 1042 2861; x_wconf 72' lang='lat' dir='ltr'>confutaret,</span> <span class='ocrx_word' id='word_1_372' title='bbox 1074 2812 1163 2850; x_wconf 92' lang='lat' dir='ltr'>tum</span> <span class='ocrx_word' id='word_1_373' title='bbox 1195 2820 1272 2849; x_wconf 91' lang='lat' dir='ltr'>sua</span> <span class='ocrx_word' id='word_1_374' title='bbox 1302 2807 1346 2848; x_wconf 90' lang='lat' dir='ltr'>in</span> <span class='ocrx_word' id='word_1_375' title='bbox 1377 2819 1465 2847; x_wconf 86' lang='lat' dir='ltr'>rem</span> <span class='ocrx_word' id='word_1_376' title='bbox 1495 2805 1707 2858; x_wconf 90' lang='lat' dir='ltr'>publicam</span> 
     </span>
     <span class='ocr_line' id='line_1_43' title="bbox 96 2865 1708 2925; baseline -0.009 -8"><span class='ocrx_word' id='word_1_377' title='bbox 96 2875 205 2916; x_wconf 92' lang='lat' dir='ltr'>bene</span> <span class='ocrx_word' id='word_1_378' title='bbox 236 2874 393 2916; x_wconf 89' lang='lat' dir='ltr'>merita</span> <span class='ocrx_word' id='word_1_379' title='bbox 425 2877 468 2915; x_wconf 92' lang='lat' dir='ltr'>et</span> <span class='ocrx_word' id='word_1_380' title='bbox 491 2885 601 2925; x_wconf 89' lang='lat' dir='ltr'>quae</span> <span class='ocrx_word' id='word_1_381' title='bbox 624 2870 818 2914; x_wconf 81' lang='lat' dir='ltr'>excusari</span> <span class='ocrx_word' id='word_1_382' title='bbox 839 2872 1051 2921; x_wconf 86' lang='lat' dir='ltr'>poterant,</span> <span class='ocrx_word' id='word_1_383' title='bbox 1082 2868 1127 2908; x_wconf 92' lang='lat' dir='ltr'>in</span> <span class='ocrx_word' id='word_1_384' title='bbox 1149 2866 1385 2908; x_wconf 85' lang='lat' dir='ltr'>clarissima</span> <span class='ocrx_word' id='word_1_385' title='bbox 1405 2865 1500 2906; x_wconf 91' lang='lat' dir='ltr'>luce</span> <span class='ocrx_word' id='word_1_386' title='bbox 1520 2866 1708 2916; x_wconf 90' lang='lat' dir='ltr'>poneret,</span> 
     </span>
     <span class='ocr_line' id='line_1_44' title="bbox 98 2922 1708 2984; baseline -0.009 -8"><span class='ocrx_word' id='word_1_387' title='bbox 98 2935 153 2975; x_wconf 87' lang='lat' dir='ltr'>ad</span> <span class='ocrx_word' id='word_1_388' title='bbox 185 2932 531 2975; x_wconf 88' lang='lat' dir='ltr'>adversariorum</span> <span class='ocrx_word' id='word_1_389' title='bbox 565 2931 772 2984; x_wconf 76' lang='grc' dir='ltr'><em>διαβολάς,</em></span> <span class='ocrx_word' id='word_1_390' title='bbox 806 2940 910 2980; x_wconf 90' lang='lat' dir='ltr'>quas</span> <span class='ocrx_word' id='word_1_391' title='bbox 943 2927 1112 2979; x_wconf 91' lang='lat' dir='ltr'>quidem</span> <span class='ocrx_word' id='word_1_392' title='bbox 1144 2924 1419 2967; x_wconf 88' lang='lat' dir='ltr'>coniectando</span> <span class='ocrx_word' id='word_1_393' title='bbox 1452 2922 1708 2975; x_wconf 88' lang='lat' dir='ltr'>provideret,</span> 
     </span>
     <span class='ocr_line' id='line_1_45' title="bbox 96 2983 1709 3044; baseline -0.009 -9"><span class='ocrx_word' id='word_1_394' title='bbox 96 2992 352 3034; x_wconf 76' lang='lat' dir='ltr'>refutandas</span> <span class='ocrx_word' id='word_1_395' title='bbox 385 3004 430 3033; x_wconf 91' lang='lat' dir='ltr'>se</span> <span class='ocrx_word' id='word_1_396' title='bbox 461 2994 649 3044; x_wconf 85' lang='lat' dir='ltr'>pararet,</span> <span class='ocrx_word' id='word_1_397' title='bbox 680 2989 725 3030; x_wconf 91' lang='lat' dir='ltr'>in</span> <span class='ocrx_word' id='word_1_398' title='bbox 756 2988 850 3040; x_wconf 90' lang='lat' dir='ltr'>ipsa</span> <span class='ocrx_word' id='word_1_399' title='bbox 882 2986 1086 3038; x_wconf 89' lang='lat' dir='ltr'>oratione,</span> <span class='ocrx_word' id='word_1_400' title='bbox 1118 2996 1223 3036; x_wconf 90' lang='lat' dir='ltr'>quas</span> <span class='ocrx_word' id='word_1_401' title='bbox 1254 2995 1339 3025; x_wconf 90' lang='lat' dir='ltr'>non</span> <span class='ocrx_word' id='word_1_402' title='bbox 1371 2983 1709 3034; x_wconf 80' lang='lat' dir='ltr'>exspectaverat,</span> 
     </span>
    </p>
   </div>
   <div class='ocr_carea' id='block_1_3' title="bbox 569 3136 582 3158">
    <p class='ocr_par' dir='ltr' id='par_1_6' title="bbox 569 3136 582 3158">
     <span class='ocr_line' id='line_1_46' title="bbox 569 3136 582 3158; baseline 0 0"><span class='ocrx_word' id='word_1_403' title='bbox 569 3136 582 3158; x_wconf 67' lang='grc' dir='ltr'><em>ν</em></span> 
     </span>
    </p>
   </div>
  </div>
 </body>
</html>
