2077 3430
85 475 263 515 corpore
284 463 470 517 Lysiaco
493 465 642 507 novies
664 467 853 521 inveni.1)
897 469 1187 522 Suspicionem
1209 478 1380 515 movent
1405 475 1533 516 etiam
1556 477 1701 528 verba,

84 522 239 574 quibus
282 522 392 564 duae
432 525 774 576 praepositiones
815 529 1032 579 praefixae
1063 534 1183 572 sunt:
1226 533 1556 587 ἄντικατηγορέω
1590 535 1703 588 ξ42,

84 581 403 647 ἀνταποδίδωμι
444 582 559 636 ξ49,
603 596 696 625 cum
727 585 883 638 Lysias
927 600 979 629 ex
1021 589 1312 641 bicompositis
1356 604 1406 633 ea
1445 593 1703 644 praetulisse

83 640 298 692 videatur,
317 652 495 691 quorum
513 642 653 684 altera
670 656 770 695 pars
789 649 854 686 est
871 647 1132 698 praepositio
1150 649 1242 690 σύν;
1261 652 1497 691 συναπιέναι
1509 652 1621 693 XIII
1635 652 1702 703 52,

84 699 410 740 συναπώλλυντο
427 700 517 742 XII
535 700 602 754 88,
620 703 993 756 συνδιαβάλλεσθαι
1009 706 1098 747 XII
1116 706 1183 753 93,
1202 709 1532 755 συνεισπεσόντες
1550 710 1617 751 ΠΙ
1637 711 1702 757 15,

84 757 346 804 συνεξέδωκε
377 758 489 800 XIX
511 759 579 812 59,
612 763 850 802 συνεκπλεῖν
882 763 994 805 XIII
1018 764 1084 817 25,
1108 765 1162 805 26
1195 766 1272 818 bis,
1303 767 1477 809 XXVII
1499 768 1569 812 58.
1608 784 1702 809 συν·

83 819 329 870 εξαμαρτεῖν
360 817 429 858 ΠΙ
454 817 519 871 12,
564 822 995 876 συγκαταθαπτομένη
1029 823 1073 864 Π
1095 823 1162 875 60,
1205 826 1479 876 συγκαταλύω
1511 827 1643 868 ΧΧΧ
1665 827 1703 879 9,

86 875 152 928 15,
174 874 242 928 30,
264 876 371 917 XVI
394 876 432 929 5,
455 878 747 929 συγκατελθεῖν
769 880 881 921 XIII
906 881 972 933 77,
994 882 1121 923 XXV
1144 882 1181 935 9,
1203 883 1357 925 XXXI
1380 883 1418 936 9,
1443 887 1507 926 13.
1545 885 1703 926 Rarius

84 934 181 976 aliis
212 935 605 987 praepositionibus
633 937 862 989 geminatis
894 939 1052 980 utitur:
1092 941 1290 988 ἐπεξιέναι
1321 943 1364 983 Χ
1386 942 1423 995 2,
1446 943 1513 995 31,
1545 944 1702 985 XXIII

85 993 151 1047 14,
182 993 360 1035 XXVII
384 994 449 1046 15,
479 995 637 1037 XXXI
656 996 722 1049 18,
744 997 794 1038 fr.
818 997 855 1038 8.
908 998 1056 1049 (Index
1077 999 1298 1052 Lysiacus,
1321 1013 1443 1052 quem
1466 1002 1703 1054 composuit

82 1052 271 1105 HolmeS,
303 1053 381 1094 hos
412 1053 528 1095 locos
559 1066 644 1096 11011
676 1055 804 1097 affert
824 1056 907 1098 nisi
929 1057 1103 1099 XXVII
1129 1058 1202 1110 153
1235 1070 1306 1100 eos
1335 1059 1535 1101 collectos
1557 1060 1702 1102 inveni

83 1124 109 1153 a
124 1111 196 1153 Fr.
213 1111 430 1153 Kirchner
453 1110 776 1169 [Quaestionum
791 1115 1072 1168 Lysiacarum
1090 1117 1314 1169 specimen,
1336 1118 1484 1170 Progr.
1507 1119 1702 1160 Demmin

84 1169 197 1212 1869
229 1183 268 1223 p.
294 1169 367 1225 1]),
409 1174 727 1226 περικαταρρέω
769 1174 901 1215 XXX
930 1174 997 1227 22,
1038 1178 1453 1228 προκαταγιγνώσκω
1495 1178 1605 1218 XIX
1638 1177 1702 1230 10,

81 1230 456 1296 προσαπόλλυσθ-αι
469 1231 558 1273 XII
571 1231 638 1273 64.
670 1233 731 1274 At
744 1233 834 1274 ἀντί
841 1233 1201 1285 praepositionem
1221 1246 1312 1275 cum
1331 1235 1417 1276 alia
1435 1236 1702 1277 coniunctam

81 1301 166 1331 11011
197 1301 355 1331 inveni.

201 1347 322 1400 Quae
365 1361 457 1390 cuni
490 1349 554 1390 ita
587 1349 685 1403 sint,
728 1354 845 1392 stare
885 1363 969 1392 non
1013 1355 1157 1403 potest
1199 1351 1339 1403 opinio
1372 1353 1430 1393 Io.
1452 1352 1626 1394 Franzii
1659 1356 1703 1394 et

82 1407 124 1449 C.
146 1407 294 1459 Hudii,
327 1408 399 1459 qui
432 1409 669 1450 orationem
702 1421 727 1450 a
755 1410 889 1462 Lysia
919 1411 1219 1452 removendam
1252 1422 1344 1451 esse
1374 1415 1546 1463 negant,
1578 1423 1700 1463 prae-

81 1466 231 1508 sertim
275 1478 368 1507 cum
408 1467 534 1509 nimis
566 1467 744 1509 infirmis
776 1469 1040 1520 argumentis
1071 1468 1278 1510 nitantur.
1339 1470 1397 1510 Io.
1418 1469 1559 1511 Franz
1592 1469 1702 1511 enim

79 1525 198 1567 nullo
246 1525 493 1567 testimonio
542 1526 674 1568 allato
722 1527 829 1568 haec
875 1527 1041 1579 profert
1087 1540 1125 1579 p.
1159 1528 1205 1568 8:
1260 1529 1352 1568 οὔτε
1399 1528 1477 1581 γὰρ
1523 1529 1547 1581 ἡ
1595 1529 1702 1575 λέξις

79 1585 360 1637 παραλλάσσει
405 1589 479 1625 τοῦ
526 1586 740 1638 εἰωθότος,
788 1587 875 1626 οὔτ’
922 1588 973 1627 ἂν
1019 1586 1093 1639 τὴν
1136 1587 1284 1639 ἀρετήν
1324 1602 1381 1631 τις
1425 1587 1499 1640 τὴν
1541 1587 1701 1628 Λυσίου

79 1644 239 1697 ποθοίη
284 1644 463 1684 ἄλλοθέν
505 1645 641 1685 ποθεν
682 1645 897 1698 ἐπιζητῶν.
959 1645 1104 1696 Atque
1136 1644 1177 1686 C.
1199 1645 1326 1686 Hude
1359 1645 1594 1686 orationem
1625 1657 1701 1697 pro

80 1703 270 1756 Lysiaca
310 1703 456 1756 habet,
500 1716 593 1745 cum
637 1716 780 1745 omnes
823 1703 1040 1745 orationes
1073 1704 1224 1745 dubias
1256 1703 1414 1756 Lysiae
1445 1704 1622 1755 tribuat,
1654 1708 1703 1744 ut

80 1762 165 1804 iam
197 1775 236 1814 p.
260 1761 286 1802 9
320 1762 421 1803 dixi.

201 1821 324 1874 Quod
365 1833 468 1863 vero
513 1821 563 1864 G.
585 1822 691 1863 Zutt
721 1834 760 1873 p.
783 1821 837 1862 22
871 1821 1104 1863 artificiose
1146 1820 1284 1861 animo
1322 1821 1405 1862 sibi
1435 1821 1560 1862 finxit
1590 1821 1702 1862 hanc

81 1880 321 1922 orationem
362 1880 591 1934 genuinam
625 1893 717 1922 esse
748 1880 823 1933 ita,
865 1884 915 1921 ut
947 1893 999 1921 ex
1030 1879 1273 1932 protologia
1305 1880 1358 1921 ab
1391 1883 1565 1921 auctore
1598 1892 1701 1931 quo-

81 1941 178 1981 dam
212 1939 534 1992 deuterologiae
566 1940 751 1992 speciem
781 1939 951 1980 imitato
981 1942 1186 1990 excerpta
1207 1938 1275 1990 sit,
1309 1939 1361 1980 de
1382 1938 1463 1979 hac
1484 1938 1701 1980 sententia

81 1998 294 2051 copiosius
337 1998 630 2040 disserendum
672 1998 776 2039 mihi
816 2010 901 2039 non
941 2001 1018 2051 est,
1061 2009 1154 2039 cum
1185 1997 1269 2038 iam
1303 2009 1328 2038 a
1358 1997 1542 2038 Webero
1574 1996 1701 2048 plane

81 2058 277 2100 refutata
309 2057 368 2099 sit
398 2070 437 2110 p.
460 2057 514 2098 37
529 2070 631 2110 sqq.,
674 2058 749 2099 sed
790 2069 917 2098 unum
950 2056 1088 2098 Zuttii
1131 2059 1427 2109 argumentum
1459 2068 1484 2096 a
1515 2056 1700 2097 Webero

81 2117 326 2170 neglectum
356 2117 603 2158 examinare
625 2116 732 2158 satis
764 2116 913 2157 habeo.
975 2115 1025 2157 G.
1048 2116 1163 2167 Zutt,
1195 2118 1243 2155 ut
1265 2114 1511 2167 orationem,
1544 2127 1596 2155 ex
1618 2126 1703 2165 qua

80 2177 193 2218 hanc
227 2179 474 2228 excerptam
507 2188 600 2217 esse
633 2181 789 2228 censet,
821 2174 1106 2227 protologiam
1137 2173 1270 2214 fuisse
1302 2174 1626 2225 demonstraret,
1657 2172 1702 2213 in

82 2235 279 2277 oratione
311 2235 386 2277 VI.
418 2235 623 2276 nonnulla
656 2238 827 2276 exstare
861 2233 1091 2285 contendit,
1125 2244 1234 2283 quae
1264 2244 1348 2273 non
1378 2231 1462 2272 nisi
1492 2231 1536 2272 in
1557 2233 1699 2283 proto-

81 2295 200 2348 logia
233 2297 335 2347 apte
367 2294 625 2335 dicerentur.
688 2293 811 2346 Quod
841 2296 891 2333 ut
923 2292 1180 2343 ostenderet,
1211 2291 1292 2332 hoc
1324 2293 1573 2343 argumento
1600 2301 1701 2330 usus

84 2359 151 2396 est
182 2366 221 2406 p.
245 2353 322 2395 21:
369 2354 490 2406 „Von
533 2353 645 2394 allen
687 2352 930 2405 κατηγορίαι
973 2350 1074 2402 (scil.
1107 2351 1182 2391 der
1213 2349 1414 2402 Klaeger)
1447 2348 1595 2401 bringt
1626 2349 1703 2388 der

81 2413 256 2455 Redner
286 2425 368 2454 nur
400 2412 495 2453 eine
528 2412 640 2465 (Lys.
663 2411 736 2453 VI.
762 2410 841 2463 19),
873 2411 959 2451 und
990 2422 1074 2451 von
1106 2409 1182 2450 der
1213 2411 1311 2461 sagt
1332 2407 1574 2449 Andocides
1606 2418 1700 2448 aus-

82 2472 308 2514 drucklich
337 2472 359 2513 I
383 2471 478 2524 139,
511 2471 573 2512 sie
606 2470 667 2512 sei
688 2482 774 2512 von
796 2468 1018 2521 Cephisius
1039 2466 1370 2521 vorgebracht“.
1431 2466 1554 2518 Quod
1576 2477 1700 2518 argu-

80 2536 271 2573 mentum
304 2543 430 2583 quam
461 2530 559 2571 leve
591 2530 659 2582 sit,
693 2530 797 2570 duos
828 2528 925 2569 illos
956 2528 1071 2569 locos
1101 2525 1348 2578 inspicienti
1369 2525 1498 2566 facile
1521 2527 1702 2576 apparet

84 2589 216 2646 [LyS.]
252 2591 314 2632 VI
338 2590 413 2631 19:
447 2590 496 2630 οὗ
530 2589 609 2642 γὰρ
642 2589 703 2633 ὡς
735 2588 884 2632 δεδιὼς
915 2586 962 2626 τὰ
994 2586 1268 2639 πεποιημένα,
1301 2585 1386 2624 ἀλλ’
1420 2584 1480 2628 ὡς
1510 2584 1701 2635 θαρρῶν,

81 2650 313 2703 ναυκληρίᾳ
345 2649 592 2702 ἐπιθέμενος
622 2648 696 2701 τὴν
728 2647 936 2687 θάλατταν
969 2645 1090 2685 ἔπλει.

199 2709 310 2750 And.
333 2709 354 2750 I
379 2707 483 2749 139:
527 2707 609 2748 εἶτα
653 2707 693 2747 οἵ
731 2706 808 2759 μὲν
849 2705 942 2745 θεοὶ
981 2705 1026 2744 ἐκ
1058 2703 1269 2744 τοσούτων
1300 2701 1509 2742 κινδύνων
1541 2699 1702 2752 ἔσῳζόν

202 2873 226 2918 ¹)
253 2875 343 2909 Cum
360 2873 498 2918 Lysias
524 2872 709 2907 interdum
727 2869 995 2915 praepositione
1013 2866 1101 2900 κατά
1120 2871 1258 2910 utatur,
1276 2870 1319 2900 ut
1337 2864 1456 2900 verbis
1475 2863 1700 2916 simplicibus

82 2922 255 2957 maiorem
281 2922 357 2956 vim
377 2922 450 2964 det,
477 2920 581 2961 (dicit
601 2919 719 2953 decies
739 2918 873 2962 septies
891 2914 1056 2958 αἵσχύνω,
1084 2915 1195 2950 semel
1211 2911 1430 2954 καταισχύνω
1449 2911 1467 2945 Ι
1484 2910 1540 2954 49,
1566 2913 1700 2954 septles

82 2968 310 3012 δωροδοκεῖν,
347 2969 457 3004 3011101
491 2965 796 3007 καταὸωροδοκεΐν
822 2963 962 2999 XXVII
979 2962 1024 3007 3),
1059 2963 1125 2996 hoc
1151 2963 1407 3005 argumentum
1441 2970 1511 2993 11011
1545 2958 1699 2992 multum

80 3016 192 3052 valet.

153 3078 290 3114 Begodt.
1445 3063 1467 3096 2

578 3137 591 3159 ν
