2077 3430
1012 335 1303 376 -14-

350 455 491 496 verbis
535 453 789 506 exposuerit,
832 456 878 494 ut
911 454 962 494 de
995 452 1091 493 aliis
1124 451 1381 493 testimoniis
1414 462 1440 492 a
1471 449 1659 492 Sluitero
1703 462 1755 492 ex
1796 449 1965 492 ratione

351 521 582 565 temporum
617 512 775 564 petitis,
808 511 871 552 ita
899 512 950 552 de
980 511 1059 552 hoc
1092 514 1343 563 argumento
1367 509 1410 550 in
1432 509 1573 551 altera
1595 508 1966 551 commentationis

351 579 472 624 parte
505 571 744 622 disputabo.

466 629 683 670 Orationis
715 633 913 669 naturam
946 632 1077 679 atque
1109 626 1295 668 indolem
1337 625 1631 678 contemplans
1663 626 1770 668 haec
1814 625 1967 668 attulit

348 688 510 729 Sluiter
541 700 577 739 p.
604 687 685 727 166
702 700 775 738 sq,
808 691 856 728 ut
888 687 997 727 hanc
1029 686 1266 728 orationem
1299 698 1325 727 a
1356 684 1490 738 Lysia
1521 696 1616 727 esse
1637 684 1966 726 abiudicandam

350 747 615 787 ostenderet:
648 745 827 797 primum
857 745 1025 796 quidem
1058 744 1324 786 desideravit
1355 744 1398 785 in
1431 755 1483 785 ea
1513 743 1782 797 tenuitatem,
1814 743 1966 785 ieiuni-

350 811 495 855 tatem,
531 804 672 854 „illam
704 803 930 845 maximam
962 803 1148 856 gratiam
1181 802 1386 855 simplicis
1418 805 1549 854 atque
1580 802 1823 844 inaffectati
1855 801 1966 844 colo-

350 863 486 910 ris-2³)
536 863 716 914 denique
763 874 906 904 omnes
953 862 1050 904 illas
1098 862 1302 914 virtutes,
1349 873 1456 913 quas
1503 860 1672 913 antiqui
1717 860 1762 902 in
1807 860 1969 914 Lysiae

349 921 516 962 dicendi
559 933 714 973 genere
761 921 1007 962 laudabant.
1075 921 1139 962 Ac
1185 932 1340 962 revera
1385 920 1429 961 in
1476 920 1556 961 hoc
1603 919 1805 972 opusculo
1852 920 1969 962 haud

352 992 487 1032 pauca
520 980 674 1032 insunt,
708 992 816 1031 quae
848 992 874 1020 a
905 979 1063 1032 Lysiae
1096 979 1280 1031 simplici
1313 978 1502 1021 dictione
1534 978 1780 1021 abhorrent.
1839 978 1968 1021 Cuius

351 1039 410 1079 rei
452 1038 656 1090 exempla,
699 1051 808 1089 quae
851 1038 1117 1091 collegerunt
1147 1038 1256 1080 Blass
1288 1051 1326 1090 p.
1349 1037 1434 1080 566
1468 1041 1513 1079 et
1543 1036 1779 1079 Schneider
1809 1049 1848 1090 p.
1871 1036 1968 1090 356,

351 1097 476 1150 paulo
510 1097 623 1138 infra
655 1101 903 1138 enumerata
935 1097 1140 1139 invenies.

467 1156 625 1197 Contra
658 1156 774 1197 aliud
797 1155 974 1197 Sluiteri
1007 1159 1305 1209 argumentum
1327 1155 1426 1197 inde
1449 1155 1644 1208 petitum,
1676 1155 1789 1207 quod
1820 1154 1865 1196 in
1886 1155 1969 1197 hac

348 1214 543 1255 oratione
566 1226 701 1265 neque
725 1215 1060 1266 psepliismatum
1081 1214 1344 1256 Patroclidis
1365 1213 1668 1266 Tisamenique
1689 1225 1828 1266 neque
1859 1213 1969 1268 legis

349 1274 594 1326 ἀμνηστείας
623 1273 711 1314 11113
732 1273 890 1315 mentio
913 1273 973 1326 fit,
1004 1273 1090 1315 iam
1112 1273 1328 1327 Roegholt
1359 1286 1397 1326 p.
1420 1272 1446 1314 6
1479 1276 1597 1315 recte
1630 1272 1830 1325 exposuit
1860 1273 1970 1316 talia

349 1337 390 1373 et
427 1332 466 1372 in
501 1336 635 1383 parte,
669 1344 777 1383 quae
809 1332 988 1385 interiit,
1020 1332 1205 1384 proferri
1233 1332 1436 1385 potuisse,
1469 1335 1513 1373 et
1544 1331 1620 1373 vix
1651 1335 1814 1374 temere
1848 1344 1968 1384 „ora-

350 1396 483 1431 torem
517 1390 622 1431 haec
655 1391 941 1443 praeteriisse,
984 1392 1059 1432 sed
1091 1391 1295 1444 omisisse,
1337 1394 1386 1432 ut
1428 1403 1584 1433 causae
1625 1402 1729 1433 suae
1761 1391 1968 1443 serviret;

350 1462 444 1490 nam
488 1461 605 1490 reum
648 1461 699 1490 ex
741 1449 793 1491 iis
837 1450 939 1499 (scil.
962 1450 1201 1502 plebiscitis
1234 1454 1279 1492 et
1311 1462 1362 1492 ea
1393 1449 1501 1503 lege)
1535 1449 1804 1492 validissima
1842 1462 1968 1504 argu-

350 1512 493 1548 menta
524 1507 711 1560 petiisse,
743 1512 792 1550 ut
823 1508 1035 1550 iudicibus
1067 1510 1360 1562 persuaderet,
1402 1512 1451 1550 ut
1481 1509 1619 1562 ipsum
1652 1509 1969 1551 absolverent“.

467 1566 511 1608 Si
544 1579 668 1618 porro
701 1567 743 1607 in
777 1579 828 1608 ea
858 1580 904 1609 re
947 1568 1127 1610 offendit
1158 1567 1321 1610 Sluiter
1351 1581 1390 1620 p.
1415 1568 1510 1621 167,
1555 1568 1667 1620 quod
1708 1571 1844 1610 testes
1885 1580 1970 1610 non

350 1626 652 1677 producuntur,
685 1626 764 1667 hoc
785 1630 984 1668 naturam
1007 1627 1226 1679 orationis,
1260 1627 1417 1680 quippe
1440 1639 1549 1679 quae
1580 1627 1640 1669 sit
1661 1627 1970 1681 deuterologia,

351 1684 655 1735 contemplanti
688 1684 857 1727 minime
889 1685 1041 1727 mirum
1073 1686 1256 1728 videtur.
1581 1715 1583 1718 <

469 1742 634 1784 Deinde
656 1743 702 1785 F.
725 1743 833 1785 Blass
855 1757 893 1797 p.
916 1744 1001 1786 566
1015 1757 1074 1796 sq.
1099 1745 1281 1787 contulit
1304 1745 1541 1798 complures
1562 1757 1691 1787 voces
1712 1744 1969 1787 locutiones—

349 1813 432 1852 que
465 1814 516 1842 ex
549 1802 628 1843 hac
661 1803 865 1855 oratione,
898 1816 1008 1855 quae
1030 1816 1056 1845 a
1078 1804 1237 1858 Lysiae
1269 1803 1457 1846 dictione
1487 1804 1711 1856 aborrent3
1743 1807 1845 1846 sunt
1866 1804 1970 1846 hae:

349 1861 522 1912 θανάτῳ
553 1864 613 1913 τῷ
644 1862 820 1915 ἀλγίστῳ
852 1862 875 1916 ξ
901 1863 936 1915 1,
978 1863 1126 1915 ἀθῷος
1158 1863 1242 1917 §4‚
1284 1864 1518 1916 κομπάζειν
1550 1863 1600 1917 ἐξ
1625 1863 1678 1905 18
1712 1866 1756 1905 et
1788 1862 1855 1915 48,
1895 1863 1967 1917 δέη

347 1919 373 1971 ξ
396 1918 462 1971 20,
484 1919 701 1972 ἀλώμενος
723 1920 746 1973 ἓν
769 1920 835 1973 30,
858 1922 1125 1974 ἀθεωτέρους
1146 1923 1170 1976 ξ
1192 1922 1260 1975 32,
1287 1927 1386 1964 ποῖα
1410 1923 1687 1976 ἁμαρτήματα
1711 1922 1969 1963 ἀνακαλεσά-

349 1982 616 2076 μιειός,ἳπὲοΐα
649 1984 819 2032 τροφεῖα
843 1981 1106 2027 ἀνταποδούς
1137 1982 1160 2035 ξ
1183 1981 1251 2035 49,
1282 1982 1542 2035 καταπλῆγες
1575 1981 1598 2035 ξ
1620 1980 1688 2034 50,
1718 1981 1779 2035 μὰ
1800 1981 1872 2022 τὸν
1894 1982 1969 2022 Δία

351 2037 400 2089 s‘s'
425 2037 461 2088 7,
495 2039 561 2088 ‹‘‚
595 2037 661 2078 38.

469 2094 632 2147 Quibus
674 2097 841 2139 addidit
883 2098 969 2140 alia
1012 2100 1060 2141 V.
1084 2099 1319 2142 Schneider
1358 2099 1469 2151 (Jbb.
1502 2099 1530 2141 f.
1563 2099 1620 2141 kl.
1652 2099 1763 2141 Phil.
1795 2099 1972 2141 XXVII

351 2154 495 2205 Suppl.
524 2154 628 2195 1901
665 2168 702 2207 p.
725 2156 823 2208 356)
847 2157 979 2199 Sicut:
1013 2158 1164 2204 δεδιὼς
1185 2158 1232 2199 τὰ
1255 2159 1517 2212 πεποιημένα
1540 2158 1563 2212 §
1588 2158 1653 2211 19,
1677 2159 1790 2210 quod
1811 2158 1972 2200 Reiske

352 2212 435 2260 (Or.
468 2212 540 2254 Gr.
574 2214 610 2255 V
643 2227 680 2266 p.
705 2214 802 2267 214)
846 2219 964 2258 recte
1006 2217 1070 2259 ita
1103 2217 1360 2270 explicavit:
1405 2218 1555 2263 δεδιὼς
1592 2217 1640 2257 τὰ
1672 2218 1855 2271 ἐπίχειρα
1887 2221 1972 2258 τῶν

351 2271 424 2323 ὑφ’
458 2272 604 2312 ἑαυτοῦ
646 2276 962 2327 πεποιημένων;
1005 2276 1249 2318 Andocides
1295 2276 1441 2329 „facta
1482 2288 1560 2317 sua
1597 2276 1775 2318 timere“
1812 2276 1972 2329 debuit,

353 2341 445 2370 cum
480 2330 530 2371 iis
563 2331 734 2373 deorum
765 2332 870 2374 iram
894 2334 937 2376 in
959 2347 1005 2376 se
1027 2335 1334 2387 convertisset3
1366 2336 1503 2389 λήθην
1524 2335 1685 2376 ἔδωκεν
1716 2335 1830 2389 §27,
1863 2347 1972 2387 quae

353 2388 510 2429 locutio
543 2390 774 2443 singularis
813 2392 985 2435 videtur
1017 2395 1170 2446 esse30)
1213 2395 1372 2448 ἀπήντα
1405 2398 1489 2440 τοῖς
1521 2395 1645 2446 ἱεροῖς
1676 2394 1777 2448 §52
1811 2394 1973 2436 dictum

354 2459 428 2498 pro
462 2449 517 2492 εἰς
549 2449 617 2489 vel
651 2450 715 2490 ἐπὶ
747 2450 793 2490 τὰ
838 2452 938 2505 ἱερά,
981 2453 1100 2495 cuius
1144 2453 1477 2495 constructionis
1521 2453 1735 2506 permulta
1778 2453 1973 2506 exempla

352 2507 621 2548 enumeravit
643 2508 886 2560 Stephanus
918 2524 948 2552 s.
972 2524 1010 2554 v.
1033 2512 1054 2553 I
1077 2511 1102 2552 2
1126 2512 1201 2554 col.
1228 2512 1352 2565 1175,
1384 2524 1512 2554 unum
1542 2515 1711 2554 tantum
1734 2512 1973 2565 exemplum

355 2564 479 2605 liuius
512 2566 632 2607 verbi
666 2579 758 2608 cum
791 2569 939 2611 dativo
972 2570 1055 2612 loci
1088 2571 1304 2613 coniuncti
1336 2571 1509 2613 attulit:
1552 2571 1657 2614 Gen.
1680 2571 1747 2623 28,
1773 2571 1847 2621 11;
1889 2575 1974 2616 τοῖς

354 2639 393 2661 τε
426 2624 570 2675 νόμοις
606 2630 683 2671 τοῖς
714 2628 899 2680 πατρίοις
930 2630 999 2669 καὶ
1021 2630 1239 2684 Ἀνδοκίδῃ
1263 2631 1446 2684 χρῆσθαι
1478 2630 1571 2683 §83
1604 2630 1713 2672 alias
1735 2629 1973 2672 locutiones

354 2695 378 2721 a
422 2682 679 2725 Schneidero
727 2689 943 2738 tamquam
987 2688 1145 2741 Lysiae
1193 2689 1424 2731 elocutioni
1465 2692 1755 2743 repugnantes
1803 2688 1973 2741 allatas,

355 2752 463 2805 quae
486 2743 539 2782 ad
562 2755 630 2783 res
652 2756 797 2786 sacras
820 2746 1049 2799 pertinent,
1082 2760 1120 2799 p.
1143 2748 1196 2788 41
1221 2748 1426 2801 invenies,
1449 2748 1521 2789 ubi
1545 2749 1597 2790 de
1619 2747 1778 2790 actoris
1807 2747 1974 2801 origine

355 2800 609 2852 ingenioque
656 2803 789 2844 verba
837 2804 1003 2847 faciam.
1075 2807 1208 2849 Porro
1250 2807 1525 2860 metaphoras
1568 2807 1774 2859 quasdam
1822 2806 1974 2848 attulit

472 2942 496 2983 ·”)
524 2954 629 2985 qnam
658 2945 788 2987 Lysiae
815 2947 947 2981 tribuit
974 2948 1097 2991 Quint.
1125 2948 1211 2983 inst.
1231 2949 1282 2983 IX
1300 2947 1332 2991 4,
1355 2948 1408 2982 17.

473 2989 497 3031 ⁶)
525 2991 585 3024 sed
613 2992 657 3025 cf.
686 2992 742 3026 Ps.
762 2993 870 3028 Isocr.
890 2994 907 3028 I
924 2994 947 3027 8
971 2993 1085 3036 λήθην
1110 2993 1291 3037 ἐμποιῆσαι
1318 2998 1388 3027 τῶν
1412 2994 1672 3038 πεπραγμένων.
