2077 3430
725 363 1015 405 ...43-

175 475 322 542 Atque
364 489 630 532 quaeramus,
671 492 768 521 num
800 481 1034 523 Andocidis
1075 482 1348 524 adversarius
1390 483 1499 524 idem
1542 483 1675 524 fuerit

59 537 192 586 atque
223 546 260 575 1s
291 535 488 589 Meletus,
532 537 604 588 qui
636 538 855 580 Socratem
888 540 1120 593 accusavit,
1152 540 1196 582 id
1228 542 1338 592 quod
1371 541 1468 582 olim
1502 546 1673 583 conten-

59 593 227 646 derunt,
268 593 301 634 1.
331 593 380 636 G.
408 595 605 648 Droysen
646 596 737 638 loco
779 597 906 650 paulo
948 610 1078 650 supra
1116 599 1248 640 citato
1283 603 1326 641 et
1364 600 1413 640 A.
1436 600 1485 642 G.
1507 599 1676 641 Becker

60 651 318 702 (Andocides
349 653 569 695 ubersetzt
590 656 676 696 und
699 656 919 708 erlautert,
952 657 1247 710 Quedlinburg
1271 658 1381 698 1832
1403 671 1442 710 p.
1460 658 1514 698 28
1537 670 1575 699 n.
1593 658 1674 706 91).

59 710 162 765 §94
193 711 437 753 Andocides
469 712 639 754 inimico
674 714 839 755 crimini
872 716 958 768 dat,
991 717 1102 767 quod
1135 728 1159 757 a
1190 716 1374 769 triginta
1394 716 1501 758 viris
1522 716 1676 758 missus

58 770 281 822 Leontem,
298 770 509 812 hominem
526 771 917 815 innocentissimum
935 775 988 815 ad
1007 774 1258 826 supplicium
1277 775 1409 816 duxit.
1446 774 1512 816 De
1529 775 1675 816 eadem

59 840 118 882 re,
141 840 253 880 quae
274 831 365 870 tum
388 829 571 871 omnium
595 830 751 872 civium
773 832 935 874 animos
957 833 1241 885 perturbavit,
1275 846 1325 873 ex
1348 833 1542 885 Xenoph.
1564 833 1675 874 Hell.

60 887 107 930 ΙΙ
129 886 167 929 3.
190 886 245 928 39
268 887 376 929 haec
394 889 673 940 comperimus
690 889 733 931 in
751 891 955 943 oratione,
974 903 1098 942 quam
1115 891 1354 943 Xenophon
1370 892 1676 932 Theramenem

60 946 293 988 habentem
315 946 424 988 facit
445 947 489 988 in
512 947 706 989 Critiam:
739 949 824 989 ἐπεὶ
856 949 902 989 δέ
933 965 978 1002 γε
1010 948 1123 990 οὗτοι
1144 951 1323 1002 ἤρξαντο
1347 950 1502 1002 ἄνδρας
1523 950 1678 994 καλούς

59 1021 102 1046 τε
128 1005 349 1058 κάγαθοὺς
371 1006 683 1060 συλλαμβάνειν,
716 1008 761 1048 ἔκ
783 1008 930 1049 τούτου
953 1008 1072 1060 κάγὼ
1095 1009 1290 1062 ἠρξάμην
1311 1009 1497 1048 τάναντία
1519 1008 1677 1052 τούτοις

62 1065 317 1118 γιγνώσκειν.
359 1064 518 1105 ’Ήιδειν
550 1065 629 1117 γὰρ
661 1067 722 1106 ὅτι
753 1067 1097 1119 ἀποθνῄσκοντος
1127 1067 1203 1119 μὲν
1225 1067 1407 1111 Λέοντος
1436 1070 1508 1107 τοῦ
1540 1066 1677 1106 Σαλα-

61 1124 213 1173 μινίου,
245 1123 403 1176 ἀνδρὸς
433 1124 503 1164 καὶ
535 1125 654 1169 ὄντος
685 1125 755 1165 καὶ
787 1125 1012 1170 δοκοῦντος
1043 1126 1190 1165 ἱκανοῦ
1222 1126 1332 1177 εἶναι,
1365 1125 1608 1169 ἀδικοῦντος
1640 1125 1676 1164 δ’

63 1181 164 1223 οὐδὲ
196 1183 251 1228 ἕν,
296 1183 336 1222 οἳ
366 1183 506 1235 ὅμοιοι
537 1183 670 1236 τούτῳ
701 1184 965 1237 φοβήσοιντο,
1007 1184 1266 1237 φοβούμενοι
1305 1184 1349 1224 δὲ
1381 1184 1551 1224 ἐναντίοι
1582 1183 1679 1236 τῇδε

62 1245 112 1295 τῇ
143 1241 325 1294 πολιτείᾳ
357 1242 560 1289 ἔσοιντοθ)

184 1311 287 1354 Cum
309 1311 377 1353 his
398 1311 504 1353 locis
527 1312 804 1365 conferamus,
827 1325 936 1364 quae
957 1312 1136 1365 legimus
1159 1312 1271 1364 apud
1293 1311 1404 1353 Plat.
1426 1311 1548 1363 Apol.
1572 1310 1625 1352 32
1641 1323 1679 1362 c;

63 1371 139 1414 ubi
161 1370 363 1413 Socrates
384 1374 536 1412 narrat
557 1383 602 1412 se
625 1383 650 1412 a
671 1371 854 1423 triginta
870 1371 976 1412 viris
999 1383 1091 1412 cum
1109 1374 1314 1422 quattuor
1331 1370 1426 1411 aliis
1444 1369 1678 1411 Athenien-

64 1430 183 1472 sibus
216 1429 436 1472 Salamina
476 1430 649 1471 missum
693 1442 794 1482 esse,
837 1433 886 1471 ut
922 1430 1128 1471 Leontem
1169 1429 1212 1470 in
1254 1428 1455 1470 iudicium
1494 1429 1680 1479 duceret,

66 1493 198 1541 atque
239 1489 441 1530 iniuriam
482 1489 640 1530 nemini
683 1489 837 1530 afferre
867 1488 1002 1540 pluris
1034 1501 1079 1529 se
1112 1489 1265 1529 ducere
1298 1499 1421 1538 quam
1453 1487 1559 1528 mori
1590 1491 1680 1527 tum

64 1548 166 1590 inde
183 1548 437 1600 apparuisse
455 1552 600 1589 censet
618 1547 827 1600 Socrates,
851 1548 961 1599 quod
978 1547 1092 1588 solus
1108 1547 1277 1588 illorum
1294 1546 1477 1598 triginta
1492 1545 1680 1586 virorum

64 1608 228 1649 iussum
251 1608 497 1649 detrectare
521 1611 634 1648 esset
657 1619 796 1658 ausus,
824 1618 1078 1657 quamquam
1098 1605 1190 1646 fieri
1213 1604 1434 1656 potuisset,
1456 1607 1504 1645 ut
1527 1603 1681 1655 capitis

66 1667 357 1719 damnaretur,
388 1666 472 1707 nisi
503 1666 568 1707 illi
599 1665 722 1707 brevi
753 1669 850 1717 post
882 1664 1008 1706 eiecti
1041 1668 1194 1705 essent.

187 1737 280 1790 Quo
322 1737 415 1778 loco
459 1741 703 1789 comparato
747 1748 839 1777 cum
870 1734 1128 1776 Andocideis
1167 1734 1295 1775 alium
1338 1745 1429 1774 esse
1466 1732 1681 1783 Meletum,

69 1796 143 1849 qui
177 1796 400 1839 Socratem
433 1795 666 1847 accusavit,
699 1795 838 1847 alium,
872 1794 944 1846 qui
965 1793 1176 1835 Andocidi
1209 1791 1480 1833 adversarius
1512 1790 1683 1832 exstitit

69 1869 164 1898 cum
194 1855 556 1898 Forchhammero
599 1854 778 1905 aliisque
819 1865 1067 1905 persuasum
1107 1851 1212 1892 mihi
1244 1851 1352 1896 est.⁷)
1414 1849 1539 1890 Nullo
1573 1848 1681 1889 enim

67 1916 191 1957 modo
226 1915 343 1956 credi
375 1918 521 1966 potest
553 1913 771 1956 Socratem
802 1912 872 1954 vel
893 1911 1117 1953 Platonem
1148 1922 1231 1951 non
1264 1910 1682 1950 commemoraturum

68 1974 204 2016 fuisse
234 1974 279 2015 in
311 1974 389 2015 illa
409 1973 588 2015 Leontis
621 1971 992 2024 comprehensione
1023 1969 1250 2020 narranda,
1282 1967 1318 2008 si
1341 1966 1528 2008 Socratis
1560 1977 1681 2006 accu-

69 2037 190 2076 sator
211 2045 320 2075 unus
342 2033 499 2075 fuisset
521 2045 573 2073 ex
590 2031 676 2072 illis
695 2034 898 2082 quattuor
913 2029 1031 2081 viris,
1054 2028 1126 2079 qui
1143 2027 1320 2069 Socrate
1341 2038 1422 2066 uno
1445 2025 1683 2076 denegante

69 2093 257 2147 triginta
286 2092 486 2146 tyrannis
519 2090 793 2132 oboedientes
824 2089 1030 2130 Leontem
1062 2085 1480 2138 comprehenderunt.

188 2165 335 2215 Atque
382 2162 469 2204 alia
516 2162 741 2212 accedunt,
793 2171 901 2210 quae
947 2159 1027 2199 hoc
1074 2158 1368 2209 argumentum
1415 2166 1466 2194 ex
1513 2151 1683 2193 silentio

70 2224 370 2275 depromptum
393 2221 672 2263 corroborant
695 2223 824 2270 atque
847 2217 1107 2259 confirmant.
1158 2215 1209 2256 In
1229 2214 1307 2254 lite
1329 2211 1495 2254 Socrati
1517 2211 1685 2251 intenta

69 2283 243 2335 Anytus
284 2294 371 2323 una
403 2293 496 2322 cum
528 2279 687 2321 Meleto
725 2280 871 2330 partes
904 2274 1165 2317 accusatoris
1196 2271 1356 2324 implet,
1397 2270 1440 2310 in
1471 2270 1552 2310 hac
1585 2279 1685 2309 vero

73 2341 255 2393 actione,
289 2353 399 2392 quae
433 2340 580 2381 eodem
613 2338 763 2388 annos)
798 2337 849 2377 de
880 2334 1008 2376 simili
1039 2345 1086 2374 re
1116 2331 1268 2373 habita
1291 2334 1366 2381 est,
1397 2340 1515 2370 reum
1537 2331 1686 2392 contra

71 2400 280 2442 Meletum
325 2399 521 2441 defendit
563 2398 737 2449 (Andoc.
769 2395 791 2436 Ι
826 2393 932 2445 150).
995 2391 1155 2445 Quodsi
1196 2391 1365 2442 Anytus
1406 2387 1449 2428 in
1490 2386 1686 2438 part-ibus

191 2553 216 2598 ὅ)
242 2555 350 2589 Hunc
375 2554 551 2587 Leontem
578 2555 742 2595 spectare
768 2548 914 2583 videtur
931 2540 1343 2588 Thucyd.V111.73.42
1370 2539 1405 2571 οἵ
1427 2536 1464 2570 δὲ
1489 2536 1687 2591 αἰσθόμενοι

71 2605 143 2634 τῶν
168 2613 203 2634 τε
229 2603 431 2642 στρατηγῶν
455 2597 578 2631 Λέοντι
604 2596 663 2629 καὶ
691 2593 888 2637 Διομέδοντι
914 2591 1018 2636 (οὗτοι
1043 2588 1108 2633 γὰρ
1134 2588 1197 2631 οὐχ
1224 2587 1357 2622 ἑκόντες
1383 2584 1438 2618 διὰ
1465 2583 1500 2617 τὸ
1525 2582 1686 2625 τιμασθαι

72 2647 141 2682 ὑπὸ
166 2652 226 2681 τοῦ
254 2646 369 2690 δήμου
395 2646 523 2689 ἔφερον
548 2643 609 2688 τὴν
635 2641 840 2685 ὀλιγαρχίαν)
865 2638 901 2672 τὸ
926 2637 1048 2680 μέλλον
1073 2636 1286 2679 σημαίνουσι,

195 2695 217 2741 ⁷)
243 2695 526 2731 Forchhammer
552 2694 575 2728 1.
595 2704 622 2727 c.
641 2703 675 2736 p.
689 2690 752 2731 81;
780 2689 924 2724 Clinton
942 2687 982 2721 F.
1000 2686 1045 2720 H.
1063 2696 1096 2729 p.
1111 2683 1257 2725 XXXV,
1285 2682 1320 2715 C.
1339 2681 1397 2715 Fr.
1416 2680 1598 2730 Hermann
1616 2677 1638 2710 l.
1659 2687 1686 2731 c.

72 2755 107 2789 p.
125 2743 159 2788 4,
184 2744 225 2779 L.
243 2743 454 2785 Hoelscher,
482 2741 629 2784 Quaest.
648 2740 731 2781 Lys.
757 2748 790 2781 p.
809 2735 841 2779 9,
867 2734 1058 2775 Kirchner,
1084 2732 1230 2773 Prosop.
1249 2728 1381 2781 Ata-II
1407 2725 1497 2759 9820
1524 2728 1559 2758 et
1585 2721 1686 2756 9820.

193 2790 218 2833 Β)
245 2791 411 2825 Socrates
431 2788 564 2832 capitis
582 2787 775 2821 damnatus
795 2787 849 2818 est
867 2780 1110 2824 Thargelione
1128 2787 1249 2812 mense
1271 2776 1426 2818 (Clinton
1445 2773 1483 2806 F.
1498 2772 1541 2806 H.
1552 2782 1597 2824 .P·.
1612 2768 1689 2822 lOl)

73 2849 146 2874 uno
173 2839 231 2874 die
257 2841 450 2882 postquam
475 2835 581 2870 navis
599 2833 705 2868 Delia
731 2834 860 2866 ornata
885 2833 941 2863 est
966 2827 1072 2871 (Plat.
1090 2824 1261 2860 Phaedon
1287 2821 1332 2854 58
1345 2822 1398 2863 A),
1424 2817 1619 2869 Andocldis
1642 2817 1688 2849 lis

74 2890 159 2921 aeta
185 2889 242 2921 est
266 2885 376 2929 paulo
401 2887 484 2928 post
509 2892 645 2926 magna
669 2878 843 2922 Mysteria
869 2875 971 2910 (And.
997 2874 1015 2908 I
1044 2871 1131 2915 121),
1164 2880 1255 2914 quae
1288 2878 1407 2903 mense
1433 2866 1689 2900 Boedromione

75 2933 317 2968 habebantur.
369 2932 403 2966 cf
429 2930 575 2965 Clinton
601 2926 763 2971 Append.
789 2924 876 2959 XIX
901 2934 934 2967 p.
953 2920 1031 2963 345,
1066 2922 1108 2954 A.
1127 2919 1332 2958 Mommsen,
1364 2915 1472 2966 Eeste
1497 2912 1560 2946 der
1584 2909 1690 2945 Stadt

78 2981 204 3016 Athen
239 2992 272 3024 p.
299 2977 370 3013 204
403 2983 439 3013 et
473 2976 553 3012 244.
603 2976 793 3010 Intersunt
825 2971 944 3015 igitur
976 2968 1073 3003 inter
1106 2966 1171 3000 has
1198 2965 1287 2998 duas
1322 2965 1480 2996 actiones
1518 2961 1692 3002 quattuor

75 3028 152 3063 fere
177 3038 331 3063 menses.

581 3141 594 3163 ν
