<?xml version="1.0" encoding="UTF-8"?>
<!DOCTYPE html PUBLIC "-//W3C//DTD XHTML 1.0 Transitional//EN"
    "http://www.w3.org/TR/xhtml1/DTD/xhtml1-transitional.dtd">
<html xmlns="http://www.w3.org/1999/xhtml" xml:lang="en" lang="en">
 <head>
  <title>
</title>
<meta http-equiv="Content-Type" content="text/html;charset=utf-8" />
  <meta name='ocr-system' content='tesseract 3.04.00' />
  <meta name='ocr-capabilities' content='ocr_page ocr_carea ocr_par ocr_line ocrx_word'/>
</head>
<body>
  <div class='ocr_page' id='page_1' title='image "./deorationekatand00begouoft_0028.png"; bbox 0 0 2077 3430; ppageno 0'>
   <div class='ocr_carea' id='block_1_1' title="bbox 1016 344 1308 385">
    <p class='ocr_par' dir='ltr' id='par_1_1' title="bbox 1016 344 1308 385">
     <span class='ocr_line' id='line_1_1' title="bbox 1016 344 1308 385; baseline -0.01 -10"><span class='ocrx_word' id='word_1_1' title='bbox 1016 344 1308 385; x_wconf 71' lang='lat'>—26-</span> 
     </span>
    </p>
   </div>
   <div class='ocr_carea' id='block_1_2' title="bbox 352 459 1979 2559">
    <p class='ocr_par' dir='ltr' id='par_1_2' title="bbox 358 459 1979 927">
     <span class='ocr_line' id='line_1_2' title="bbox 363 459 1979 517; baseline -0.006 -8"><span class='ocrx_word' id='word_1_2' title='bbox 363 468 585 509; x_wconf 72' lang='lat' dir='ltr'>memoriae</span> <span class='ocrx_word' id='word_1_3' title='bbox 619 464 803 517; x_wconf 76' lang='lat' dir='ltr'>prodidit</span> <span class='ocrx_word' id='word_1_4' title='bbox 840 464 897 504; x_wconf 75' lang='lat' dir='ltr'>Vl</span> <span class='ocrx_word' id='word_1_5' title='bbox 923 462 1049 515; x_wconf 49' lang='lat'>603:</span> <span class='ocrx_word' id='word_1_6' title='bbox 1089 462 1272 502; x_wconf 74' lang='grc' dir='ltr'><em>ἐνταῦθα</em></span> <span class='ocrx_word' id='word_1_7' title='bbox 1305 460 1571 500; x_wconf 78' lang='grc' dir='ltr'><em>ἀναπείθεται</em></span> <span class='ocrx_word' id='word_1_8' title='bbox 1603 459 1660 505; x_wconf 84' lang='grc' dir='ltr'>εἷς</span> <span class='ocrx_word' id='word_1_9' title='bbox 1690 463 1775 501; x_wconf 86' lang='grc' dir='ltr'>τῶν</span> <span class='ocrx_word' id='word_1_10' title='bbox 1808 459 1979 512; x_wconf 84' lang='grc' dir='ltr'><em>ὃεὸεμέ-·</em></span> 
     </span>
     <span class='ocr_line' id='line_1_3' title="bbox 364 518 1978 576; baseline -0.006 -9"><span class='ocrx_word' id='word_1_11' title='bbox 364 544 456 570; x_wconf 73' lang='grc' dir='ltr'>νων,</span> <span class='ocrx_word' id='word_1_12' title='bbox 490 528 617 576; x_wconf 68' lang='grc' dir='ltr'><em>ὅσπερ</em></span> <span class='ocrx_word' id='word_1_13' title='bbox 656 525 788 564; x_wconf 58' lang='lat' dir='ltr'>eodm-1</span> <span class='ocrx_word' id='word_1_14' title='bbox 829 523 1065 566; x_wconf 78' lang='grc' dir='ltr'><em>αἰτιώτατος</em></span> <span class='ocrx_word' id='word_1_15' title='bbox 1106 520 1218 566; x_wconf 78' lang='grc' dir='ltr'><strong><em>εἶναι,</em></strong></span> <span class='ocrx_word' id='word_1_16' title='bbox 1265 519 1347 559; x_wconf 83' lang='grc' dir='ltr'>ὑπὸ</span> <span class='ocrx_word' id='word_1_17' title='bbox 1389 522 1474 558; x_wconf 83' lang='grc' dir='ltr'>τῶν</span> <span class='ocrx_word' id='word_1_18' title='bbox 1519 518 1829 571; x_wconf 80' lang='grc' dir='ltr'><em>ξυνὸεσμωτῶν</em></span> <span class='ocrx_word' id='word_1_19' title='bbox 1868 534 1978 565; x_wconf 77' lang='grc' dir='ltr'><strong><em>τινος</em></strong></span> 
     </span>
     <span class='ocr_line' id='line_1_4' title="bbox 361 576 1977 635; baseline -0.004 -11"><span class='ocrx_word' id='word_1_20' title='bbox 361 588 429 624; x_wconf 58' lang='grc' dir='ltr'>εἴη</span> <span class='ocrx_word' id='word_1_21' title='bbox 466 586 544 635; x_wconf 66' lang='grc' dir='ltr'>ἄρα</span> <span class='ocrx_word' id='word_1_22' title='bbox 578 583 645 623; x_wconf 77' lang='grc' dir='ltr'>καὶ</span> <span class='ocrx_word' id='word_1_23' title='bbox 679 582 723 621; x_wconf 73' lang='grc' dir='ltr'>τὰ</span> <span class='ocrx_word' id='word_1_24' title='bbox 758 582 854 621; x_wconf 72' lang='grc' dir='ltr'>ὄντα</span> <span class='ocrx_word' id='word_1_25' title='bbox 886 584 1069 633; x_wconf 75' lang='grc' dir='ltr'>μηνῦσαι</span> <span class='ocrx_word' id='word_1_26' title='bbox 1100 580 1176 619; x_wconf 81' lang='grc' dir='ltr'><em>εἴτε</em></span> <span class='ocrx_word' id='word_1_27' title='bbox 1207 578 1276 618; x_wconf 80' lang='grc' dir='ltr'>καὶ</span> <span class='ocrx_word' id='word_1_28' title='bbox 1310 578 1372 618; x_wconf 76' lang='grc' dir='ltr'>οὔ.</span> <span class='ocrx_word' id='word_1_29' title='bbox 1406 577 1470 617; x_wconf 79' lang='grc' dir='ltr'>ἐπ’</span> <span class='ocrx_word' id='word_1_30' title='bbox 1504 576 1722 630; x_wconf 81' lang='grc' dir='ltr'><em>ἀμφότερα</em></span> <span class='ocrx_word' id='word_1_31' title='bbox 1755 576 1835 630; x_wconf 85' lang='grc' dir='ltr'>γὰρ</span> <span class='ocrx_word' id='word_1_32' title='bbox 1867 578 1977 618; x_wconf 80' lang='grc' dir='ltr'><em>εἰκά-</em></span> 
     </span>
     <span class='ocr_line' id='line_1_5' title="bbox 361 636 1979 692; baseline -0.003 -10"><span class='ocrx_word' id='word_1_33' title='bbox 361 646 476 686; x_wconf 67' lang='grc' dir='ltr'><em>ζεται,</em></span> <span class='ocrx_word' id='word_1_34' title='bbox 518 642 562 681; x_wconf 82' lang='grc' dir='ltr'>τὸ</span> <span class='ocrx_word' id='word_1_35' title='bbox 606 641 649 680; x_wconf 74' lang='grc' dir='ltr'>ὁὲ</span> <span class='ocrx_word' id='word_1_36' title='bbox 692 656 767 692; x_wconf 76' lang='lat' dir='ltr'>‹mq</span> <span class='ocrx_word' id='word_1_37' title='bbox 781 640 822 683; x_wconf 70' lang='grc' dir='ltr'>ἐς</span> <span class='ocrx_word' id='word_1_38' title='bbox 865 639 1001 683; x_wconf 70' lang='grc' dir='ltr'><strong><em>οὐδεὶς</em></strong></span> <span class='ocrx_word' id='word_1_39' title='bbox 1038 639 1131 678; x_wconf 74' lang='grc' dir='ltr'><em>οὔτε</em></span> <span class='ocrx_word' id='word_1_40' title='bbox 1162 637 1250 677; x_wconf 81' lang='grc' dir='ltr'><em>τότε</em></span> <span class='ocrx_word' id='word_1_41' title='bbox 1282 637 1376 677; x_wconf 72' lang='grc' dir='ltr'><em>οὔτε</em></span> <span class='ocrx_word' id='word_1_42' title='bbox 1407 636 1581 687; x_wconf 71' lang='grc' dir='ltr'><strong><em>ὕστερον</em></strong></span> <span class='ocrx_word' id='word_1_43' title='bbox 1612 636 1694 688; x_wconf 88' lang='grc' dir='ltr'><em>ἔχει</em></span> <span class='ocrx_word' id='word_1_44' title='bbox 1727 637 1853 676; x_wconf 80' lang='grc' dir='ltr'><strong><em>εἰπεῖν</em></strong></span> <span class='ocrx_word' id='word_1_45' title='bbox 1883 636 1979 689; x_wconf 82' lang='grc' dir='ltr'><strong><em>περὶ</em></strong></span> 
     </span>
     <span class='ocr_line' id='line_1_6' title="bbox 360 694 1978 751; baseline -0.002 -11"><span class='ocrx_word' id='word_1_46' title='bbox 360 706 440 740; x_wconf 70' lang='grc' dir='ltr'>τῶι·</span> <span class='ocrx_word' id='word_1_47' title='bbox 483 701 726 751; x_wconf 71' lang='grc' dir='ltr'>ὸριισάνηυν</span> <span class='ocrx_word' id='word_1_48' title='bbox 766 698 811 737; x_wconf 71' lang='grc' dir='ltr'>τὸ</span> <span class='ocrx_word' id='word_1_49' title='bbox 854 699 987 750; x_wconf 72' lang='grc' dir='ltr'><em>ἔργον.</em></span> <span class='ocrx_word' id='word_1_50' title='bbox 1050 696 1171 748; x_wconf 84' lang='lat' dir='ltr'>Quae</span> <span class='ocrx_word' id='word_1_51' title='bbox 1212 695 1359 747; x_wconf 89' lang='lat' dir='ltr'>verba,</span> <span class='ocrx_word' id='word_1_52' title='bbox 1403 706 1659 746; x_wconf 91' lang='lat' dir='ltr'>quamquam</span> <span class='ocrx_word' id='word_1_53' title='bbox 1700 694 1978 748; x_wconf 83' lang='lat' dir='ltr'><strong>Thucydides</strong></span> 
     </span>
     <span class='ocr_line' id='line_1_7' title="bbox 360 753 1977 807; baseline -0.004 -7"><span class='ocrx_word' id='word_1_54' title='bbox 360 759 529 800; x_wconf 82' lang='lat' dir='ltr'>reticuit</span> <span class='ocrx_word' id='word_1_55' title='bbox 563 769 711 799; x_wconf 85' lang='lat' dir='ltr'>nomen</span> <span class='ocrx_word' id='word_1_56' title='bbox 745 756 962 805; x_wconf 86' lang='lat' dir='ltr'>delatoris,</span> <span class='ocrx_word' id='word_1_57' title='bbox 995 759 1144 807; x_wconf 80' lang='lat' dir='ltr'>utpote</span> <span class='ocrx_word' id='word_1_58' title='bbox 1178 754 1250 806; x_wconf 88' lang='lat' dir='ltr'>qui</span> <span class='ocrx_word' id='word_1_59' title='bbox 1283 753 1398 795; x_wconf 89' lang='lat' dir='ltr'>inter</span> <span class='ocrx_word' id='word_1_60' title='bbox 1428 753 1554 795; x_wconf 79' lang='lat' dir='ltr'>vivos</span> <span class='ocrx_word' id='word_1_61' title='bbox 1585 756 1712 806; x_wconf 89' lang='lat' dir='ltr'>esset,</span> <span class='ocrx_word' id='word_1_62' title='bbox 1745 765 1840 795; x_wconf 89' lang='lat' dir='ltr'>cum</span> <span class='ocrx_word' id='word_1_63' title='bbox 1860 753 1977 795; x_wconf 87' lang='lat' dir='ltr'>Thu-</span> 
     </span>
     <span class='ocr_line' id='line_1_8' title="bbox 359 811 1978 870; baseline -0.002 -12"><span class='ocrx_word' id='word_1_64' title='bbox 359 817 532 870; x_wconf 68' lang='lat' dir='ltr'>cydides</span> <span class='ocrx_word' id='word_1_65' title='bbox 565 817 668 857; x_wconf 82' lang='lat' dir='ltr'>haec</span> <span class='ocrx_word' id='word_1_66' title='bbox 702 815 887 867; x_wconf 75' lang='lat' dir='ltr'>scripsit,</span> <span class='ocrx_word' id='word_1_67' title='bbox 929 814 1020 855; x_wconf 76' lang='lat' dir='ltr'>sine</span> <span class='ocrx_word' id='word_1_68' title='bbox 1053 813 1180 854; x_wconf 92' lang='lat' dir='ltr'>dubio</span> <span class='ocrx_word' id='word_1_69' title='bbox 1214 813 1269 854; x_wconf 90' lang='lat' dir='ltr'>ad</span> <span class='ocrx_word' id='word_1_70' title='bbox 1301 811 1566 854; x_wconf 82' lang='lat' dir='ltr'>Andocidem</span> <span class='ocrx_word' id='word_1_71' title='bbox 1607 815 1709 853; x_wconf 86' lang='lat' dir='ltr'>sunt</span> <span class='ocrx_word' id='word_1_72' title='bbox 1749 811 1978 854; x_wconf 76' lang='lat' dir='ltr'>referenda</span> 
     </span>
     <span class='ocr_line' id='line_1_9' title="bbox 358 869 1735 927; baseline -0.003 -12"><span class='ocrx_word' id='word_1_73' title='bbox 358 877 423 926; x_wconf 75' lang='lat' dir='ltr'>(cf.</span> <span class='ocrx_word' id='word_1_74' title='bbox 446 876 635 927; x_wconf 70' lang='lat' dir='ltr'>&#39;Phucyd</span> <span class='ocrx_word' id='word_1_75' title='bbox 668 875 730 915; x_wconf 86' lang='lat' dir='ltr'>ed.</span> <span class='ocrx_word' id='word_1_76' title='bbox 764 874 812 915; x_wconf 77' lang='lat' dir='ltr'>E.</span> <span class='ocrx_word' id='word_1_77' title='bbox 834 873 881 914; x_wconf 91' lang='lat' dir='ltr'>F.</span> <span class='ocrx_word' id='word_1_78' title='bbox 905 874 1050 924; x_wconf 88' lang='lat' dir='ltr'>Poppo</span> <span class='ocrx_word' id='word_1_79' title='bbox 1072 872 1140 914; x_wconf 89' lang='lat' dir='ltr'>III</span> <span class='ocrx_word' id='word_1_80' title='bbox 1159 871 1184 912; x_wconf 82' lang='lat'><strong>2</strong></span> <span class='ocrx_word' id='word_1_81' title='bbox 1217 871 1392 923; x_wconf 82' lang='lat' dir='ltr'>Lipsiae</span> <span class='ocrx_word' id='word_1_82' title='bbox 1417 870 1530 911; x_wconf 82' lang='lat'>1880</span> <span class='ocrx_word' id='word_1_83' title='bbox 1561 882 1600 922; x_wconf 90' lang='lat' dir='ltr'>p.</span> <span class='ocrx_word' id='word_1_84' title='bbox 1625 869 1735 922; x_wconf 82' lang='lat'><strong>125).</strong></span> 
     </span>
    </p>

    <p class='ocr_par' dir='ltr' id='par_1_3' title="bbox 354 929 1978 1748">
     <span class='ocr_line' id='line_1_10' title="bbox 473 929 1976 983; baseline -0.002 -8"><span class='ocrx_word' id='word_1_85' title='bbox 473 934 708 975; x_wconf 76' lang='lat' dir='ltr'>Hoelscher</span> <span class='ocrx_word' id='word_1_86' title='bbox 737 933 814 983; x_wconf 73' lang='lat' dir='ltr'>(De</span> <span class='ocrx_word' id='word_1_87' title='bbox 836 932 929 973; x_wconf 81' lang='lat' dir='ltr'>vita</span> <span class='ocrx_word' id='word_1_88' title='bbox 952 936 995 973; x_wconf 90' lang='lat' dir='ltr'>et</span> <span class='ocrx_word' id='word_1_89' title='bbox 1016 930 1190 982; x_wconf 91' lang='lat' dir='ltr'>scriptis</span> <span class='ocrx_word' id='word_1_90' title='bbox 1212 930 1372 983; x_wconf 85' lang='lat' dir='ltr'>Lysiae</span> <span class='ocrx_word' id='word_1_91' title='bbox 1403 942 1441 982; x_wconf 92' lang='lat' dir='ltr'>p.</span> <span class='ocrx_word' id='word_1_92' title='bbox 1465 929 1534 981; x_wconf 87' lang='grc'>61)</span> <span class='ocrx_word' id='word_1_93' title='bbox 1568 932 1613 971; x_wconf 91' lang='lat' dir='ltr'>et</span> <span class='ocrx_word' id='word_1_94' title='bbox 1644 929 1807 971; x_wconf 86' lang='lat' dir='ltr'>Weber</span> <span class='ocrx_word' id='word_1_95' title='bbox 1829 931 1881 983; x_wconf 87' lang='lat' dir='ltr'>(p.</span> <span class='ocrx_word' id='word_1_96' title='bbox 1904 929 1976 982; x_wconf 84' lang='lat'>23)</span> 
     </span>
     <span class='ocr_line' id='line_1_11' title="bbox 358 988 1978 1044; baseline -0.002 -11"><span class='ocrx_word' id='word_1_97' title='bbox 358 993 461 1034; x_wconf 82' lang='lat' dir='ltr'>illud</span> <span class='ocrx_word' id='word_1_98' title='bbox 496 993 656 1032; x_wconf 71' lang='grc' dir='ltr'><strong><em>ἔὸέὸετο</em></strong></span> <span class='ocrx_word' id='word_1_99' title='bbox 688 990 807 1044; x_wconf 68' lang='grc' dir='ltr'><em>ἔγγὺς</em></span> <span class='ocrx_word' id='word_1_100' title='bbox 839 991 1024 1031; x_wconf 77' lang='grc' dir='ltr'><em>ἐνιαυτόν</em></span> <span class='ocrx_word' id='word_1_101' title='bbox 1056 989 1119 1030; x_wconf 81' lang='lat' dir='ltr'>ita</span> <span class='ocrx_word' id='word_1_102' title='bbox 1151 989 1439 1042; x_wconf 75' lang='lat' dir='ltr'>explicabant,</span> <span class='ocrx_word' id='word_1_103' title='bbox 1470 992 1519 1030; x_wconf 75' lang='lat' dir='ltr'>ut</span> <span class='ocrx_word' id='word_1_104' title='bbox 1550 1000 1670 1030; x_wconf 80' lang='lat' dir='ltr'>reum</span> <span class='ocrx_word' id='word_1_105' title='bbox 1691 988 1858 1030; x_wconf 80' lang='lat' dir='ltr'>duabUS</span> <span class='ocrx_word' id='word_1_106' title='bbox 1889 988 1978 1030; x_wconf 77' lang='lat' dir='ltr'>liti-</span> 
     </span>
     <span class='ocr_line' id='line_1_12' title="bbox 357 1047 1974 1102; baseline -0.001 -10"><span class='ocrx_word' id='word_1_107' title='bbox 357 1052 433 1092; x_wconf 81' lang='lat' dir='ltr'>bus</span> <span class='ocrx_word' id='word_1_108' title='bbox 466 1051 715 1102; x_wconf 84' lang='lat' dir='ltr'>implicitum</span> <span class='ocrx_word' id='word_1_109' title='bbox 749 1049 881 1091; x_wconf 81' lang='lat' dir='ltr'>fuisse</span> <span class='ocrx_word' id='word_1_110' title='bbox 912 1048 1135 1101; x_wconf 85' lang='lat' dir='ltr'>probabile</span> <span class='ocrx_word' id='word_1_111' title='bbox 1167 1049 1394 1100; x_wconf 83' lang='lat' dir='ltr'>ducerent3</span> <span class='ocrx_word' id='word_1_112' title='bbox 1437 1059 1544 1099; x_wconf 88' lang='lat' dir='ltr'>quas</span> <span class='ocrx_word' id='word_1_113' title='bbox 1577 1050 1873 1089; x_wconf 80' lang='lat' dir='ltr'>accusatorem</span> <span class='ocrx_word' id='word_1_114' title='bbox 1903 1047 1974 1090; x_wconf 87' lang='lat' dir='ltr'>vel</span> 
     </span>
     <span class='ocr_line' id='line_1_13' title="bbox 358 1105 1978 1162; baseline 0.001 -14"><span class='ocrx_word' id='word_1_115' title='bbox 358 1123 432 1162; x_wconf 76' lang='lat' dir='ltr'>per</span> <span class='ocrx_word' id='word_1_116' title='bbox 464 1121 646 1150; x_wconf 81' lang='lat' dir='ltr'>errorem</span> <span class='ocrx_word' id='word_1_117' title='bbox 679 1108 747 1150; x_wconf 80' lang='lat' dir='ltr'>vel</span> <span class='ocrx_word' id='word_1_118' title='bbox 782 1108 991 1149; x_wconf 88' lang='lat' dir='ltr'>invidiose</span> <span class='ocrx_word' id='word_1_119' title='bbox 1030 1107 1284 1149; x_wconf 80' lang='lat' dir='ltr'>confudisse.</span> <span class='ocrx_word' id='word_1_120' title='bbox 1338 1106 1387 1150; x_wconf 87' lang='lat' dir='ltr'>G.</span> <span class='ocrx_word' id='word_1_121' title='bbox 1409 1118 1513 1148; x_wconf 86' lang='lat' dir='ltr'>vero</span> <span class='ocrx_word' id='word_1_122' title='bbox 1536 1107 1642 1148; x_wconf 89' lang='lat' dir='ltr'>Zutt</span> <span class='ocrx_word' id='word_1_123' title='bbox 1675 1108 1726 1159; x_wconf 90' lang='lat' dir='ltr'>(p.</span> <span class='ocrx_word' id='word_1_124' title='bbox 1749 1105 1819 1159; x_wconf 86' lang='grc'>25)</span> <span class='ocrx_word' id='word_1_125' title='bbox 1851 1106 1978 1149; x_wconf 90' lang='lat' dir='ltr'>initio</span> 
     </span>
     <span class='ocr_line' id='line_1_14' title="bbox 357 1165 1977 1219; baseline -0.001 -10"><span class='ocrx_word' id='word_1_126' title='bbox 357 1168 618 1219; x_wconf 75' lang='lat' dir='ltr'>quaestionis</span> <span class='ocrx_word' id='word_1_127' title='bbox 651 1168 701 1208; x_wconf 91' lang='lat' dir='ltr'>de</span> <span class='ocrx_word' id='word_1_128' title='bbox 729 1166 1053 1218; x_wconf 88' lang='lat' dir='ltr'>Hermocopidis</span> <span class='ocrx_word' id='word_1_129' title='bbox 1085 1166 1230 1208; x_wconf 79' lang='lat' dir='ltr'>factae</span> <span class='ocrx_word' id='word_1_130' title='bbox 1252 1165 1516 1207; x_wconf 85' lang='lat' dir='ltr'>Andocidem</span> <span class='ocrx_word' id='word_1_131' title='bbox 1549 1165 1900 1217; x_wconf 86' lang='lat' dir='ltr'>comprehensum</span> <span class='ocrx_word' id='word_1_132' title='bbox 1932 1170 1977 1208; x_wconf 90' lang='lat' dir='ltr'>et</span> 
     </span>
     <span class='ocr_line' id='line_1_15' title="bbox 358 1224 1976 1278; baseline -0.001 -10"><span class='ocrx_word' id='word_1_133' title='bbox 358 1233 490 1268; x_wconf 77' lang='lat' dir='ltr'>totuin</span> <span class='ocrx_word' id='word_1_134' title='bbox 524 1239 598 1278; x_wconf 85' lang='lat' dir='ltr'>per</span> <span class='ocrx_word' id='word_1_135' title='bbox 630 1238 783 1267; x_wconf 82' lang='lat' dir='ltr'>annum</span> <span class='ocrx_word' id='word_1_136' title='bbox 816 1226 859 1266; x_wconf 90' lang='lat' dir='ltr'>in</span> <span class='ocrx_word' id='word_1_137' title='bbox 898 1225 1094 1266; x_wconf 89' lang='lat' dir='ltr'>custodia</span> <span class='ocrx_word' id='word_1_138' title='bbox 1135 1228 1354 1266; x_wconf 87' lang='lat' dir='ltr'>servatum</span> <span class='ocrx_word' id='word_1_139' title='bbox 1398 1236 1490 1266; x_wconf 89' lang='lat' dir='ltr'>esse</span> <span class='ocrx_word' id='word_1_140' title='bbox 1522 1224 1709 1277; x_wconf 88' lang='lat' dir='ltr'>putavit,</span> <span class='ocrx_word' id='word_1_141' title='bbox 1752 1236 1847 1266; x_wconf 92' lang='lat' dir='ltr'>cum</span> <span class='ocrx_word' id='word_1_142' title='bbox 1877 1236 1976 1277; x_wconf 90' lang='lat' dir='ltr'>pro-</span> 
     </span>
     <span class='ocr_line' id='line_1_16' title="bbox 358 1283 1976 1337; baseline -0.001 -11"><span class='ocrx_word' id='word_1_143' title='bbox 358 1288 472 1326; x_wconf 79' lang='lat' dir='ltr'>tecto</span> <span class='ocrx_word' id='word_1_144' title='bbox 514 1298 589 1337; x_wconf 86' lang='lat' dir='ltr'>per</span> <span class='ocrx_word' id='word_1_145' title='bbox 630 1290 796 1326; x_wconf 86' lang='lat' dir='ltr'>tantum</span> <span class='ocrx_word' id='word_1_146' title='bbox 839 1284 1044 1336; x_wconf 87' lang='lat' dir='ltr'>temporis</span> <span class='ocrx_word' id='word_1_147' title='bbox 1085 1283 1272 1336; x_wconf 90' lang='lat' dir='ltr'>spatium</span> <span class='ocrx_word' id='word_1_148' title='bbox 1315 1283 1528 1325; x_wconf 84' lang='lat' dir='ltr'>actionem</span> <span class='ocrx_word' id='word_1_149' title='bbox 1570 1283 1690 1325; x_wconf 90' lang='lat' dir='ltr'>illam</span> <span class='ocrx_word' id='word_1_150' title='bbox 1721 1284 1976 1335; x_wconf 86' lang='lat' dir='ltr'>productam</span> 
     </span>
     <span class='ocr_line' id='line_1_17' title="bbox 357 1341 1977 1394; baseline 0 -10"><span class='ocrx_word' id='word_1_151' title='bbox 357 1358 446 1384; x_wconf 72' lang='lat' dir='ltr'>esse</span> <span class='ocrx_word' id='word_1_152' title='bbox 479 1343 640 1384; x_wconf 78' lang='lat' dir='ltr'>scholia</span> <span class='ocrx_word' id='word_1_153' title='bbox 673 1344 875 1384; x_wconf 82' lang='lat' dir='ltr'>docerent</span> <span class='ocrx_word' id='word_1_154' title='bbox 907 1343 961 1384; x_wconf 87' lang='lat' dir='ltr'>ad</span> <span class='ocrx_word' id='word_1_155' title='bbox 982 1342 1202 1394; x_wconf 86' lang='lat' dir='ltr'>Aristoph.</span> <span class='ocrx_word' id='word_1_156' title='bbox 1225 1355 1292 1385; x_wconf 89' lang='lat' dir='ltr'>av.</span> <span class='ocrx_word' id='word_1_157' title='bbox 1316 1342 1413 1394; x_wconf 83' lang='lat'>706,</span> <span class='ocrx_word' id='word_1_158' title='bbox 1445 1343 1522 1384; x_wconf 93' lang='lat' dir='ltr'>sed</span> <span class='ocrx_word' id='word_1_159' title='bbox 1554 1341 1770 1385; x_wconf 84' lang='lat' dir='ltr'>erravisse</span> <span class='ocrx_word' id='word_1_160' title='bbox 1801 1342 1977 1384; x_wconf 80' lang='lat' dir='ltr'>Videtur</span> 
     </span>
     <span class='ocr_line' id='line_1_18' title="bbox 357 1401 1976 1454; baseline 0 -11"><span class='ocrx_word' id='word_1_161' title='bbox 357 1403 422 1443; x_wconf 81' lang='lat' dir='ltr'>vir</span> <span class='ocrx_word' id='word_1_162' title='bbox 453 1403 602 1443; x_wconf 78' lang='lat' dir='ltr'>doctus</span> <span class='ocrx_word' id='word_1_163' title='bbox 635 1402 676 1443; x_wconf 93' lang='lat' dir='ltr'>in</span> <span class='ocrx_word' id='word_1_164' title='bbox 709 1401 800 1443; x_wconf 91' lang='lat' dir='ltr'>loco</span> <span class='ocrx_word' id='word_1_165' title='bbox 834 1402 1058 1454; x_wconf 88' lang='lat' dir='ltr'>laudando,</span> <span class='ocrx_word' id='word_1_166' title='bbox 1103 1413 1197 1442; x_wconf 90' lang='lat' dir='ltr'>cum</span> <span class='ocrx_word' id='word_1_167' title='bbox 1238 1413 1377 1453; x_wconf 89' lang='lat' dir='ltr'>neque</span> <span class='ocrx_word' id='word_1_168' title='bbox 1408 1401 1470 1442; x_wconf 92' lang='lat' dir='ltr'>ibi</span> <span class='ocrx_word' id='word_1_169' title='bbox 1503 1401 1736 1453; x_wconf 86' lang='lat' dir='ltr'>quidquam</span> <span class='ocrx_word' id='word_1_170' title='bbox 1768 1401 1976 1443; x_wconf 90' lang='lat' dir='ltr'>eiusmodi</span> 
     </span>
     <span class='ocr_line' id='line_1_19' title="bbox 357 1460 1975 1514; baseline 0.001 -13"><span class='ocrx_word' id='word_1_171' title='bbox 357 1461 586 1502; x_wconf 77' lang='lat' dir='ltr'>invenerim</span> <span class='ocrx_word' id='word_1_172' title='bbox 628 1473 765 1512; x_wconf 85' lang='lat' dir='ltr'>neque</span> <span class='ocrx_word' id='word_1_173' title='bbox 798 1461 851 1502; x_wconf 89' lang='lat' dir='ltr'>ad</span> <span class='ocrx_word' id='word_1_174' title='bbox 883 1461 983 1513; x_wconf 75' lang='lat' dir='ltr'>Lys</span> <span class='ocrx_word' id='word_1_175' title='bbox 1008 1460 1132 1513; x_wconf 81' lang='lat'>1096,</span> <span class='ocrx_word' id='word_1_176' title='bbox 1165 1462 1245 1502; x_wconf 80' lang='lat' dir='ltr'>Av.</span> <span class='ocrx_word' id='word_1_177' title='bbox 1269 1460 1366 1514; x_wconf 80' lang='lat'>766,</span> <span class='ocrx_word' id='word_1_178' title='bbox 1409 1472 1514 1512; x_wconf 90' lang='lat' dir='ltr'>quos</span> <span class='ocrx_word' id='word_1_179' title='bbox 1546 1460 1662 1502; x_wconf 91' lang='lat' dir='ltr'>locos</span> <span class='ocrx_word' id='word_1_180' title='bbox 1695 1460 1900 1502; x_wconf 89' lang='lat' dir='ltr'>Duebner</span> <span class='ocrx_word' id='word_1_181' title='bbox 1930 1460 1975 1502; x_wconf 90' lang='lat' dir='ltr'>in</span> 
     </span>
     <span class='ocr_line' id='line_1_20' title="bbox 356 1519 1976 1572; baseline 0.001 -12"><span class='ocrx_word' id='word_1_182' title='bbox 356 1520 493 1560; x_wconf 78' lang='lat' dir='ltr'>indice</span> <span class='ocrx_word' id='word_1_183' title='bbox 531 1519 712 1561; x_wconf 84' lang='lat' dir='ltr'>Scholiis</span> <span class='ocrx_word' id='word_1_184' title='bbox 749 1519 1094 1571; x_wconf 80' lang='lat' dir='ltr'>Aristophanicis</span> <span class='ocrx_word' id='word_1_185' title='bbox 1132 1519 1279 1561; x_wconf 85' lang='lat' dir='ltr'>addito</span> <span class='ocrx_word' id='word_1_186' title='bbox 1322 1531 1354 1561; x_wconf 91' lang='lat' dir='ltr'>s.</span> <span class='ocrx_word' id='word_1_187' title='bbox 1383 1531 1423 1561; x_wconf 91' lang='lat' dir='ltr'>v.</span> <span class='ocrx_word' id='word_1_188' title='bbox 1465 1519 1769 1572; x_wconf 81' lang='grc' dir='ltr'><em>Ἑρμοκοπίὸαι</em></span> <span class='ocrx_word' id='word_1_189' title='bbox 1811 1519 1976 1572; x_wconf 83' lang='lat' dir='ltr'>attulit,</span> 
     </span>
     <span class='ocr_line' id='line_1_21' title="bbox 354 1578 1975 1632; baseline 0.001 -13"><span class='ocrx_word' id='word_1_190' title='bbox 354 1578 588 1619; x_wconf 74' lang='lat' dir='ltr'>scholiasta</span> <span class='ocrx_word' id='word_1_191' title='bbox 620 1579 671 1619; x_wconf 90' lang='lat' dir='ltr'>de</span> <span class='ocrx_word' id='word_1_192' title='bbox 703 1578 783 1619; x_wconf 89' lang='lat' dir='ltr'>hac</span> <span class='ocrx_word' id='word_1_193' title='bbox 815 1591 861 1620; x_wconf 93' lang='lat' dir='ltr'>re</span> <span class='ocrx_word' id='word_1_194' title='bbox 893 1578 1095 1630; x_wconf 90' lang='lat' dir='ltr'>disputet.</span> <span class='ocrx_word' id='word_1_195' title='bbox 1158 1578 1242 1620; x_wconf 88' lang='lat' dir='ltr'>Sed</span> <span class='ocrx_word' id='word_1_196' title='bbox 1275 1590 1442 1630; x_wconf 91' lang='lat' dir='ltr'>quoquo</span> <span class='ocrx_word' id='word_1_197' title='bbox 1484 1579 1608 1620; x_wconf 91' lang='lat' dir='ltr'>modo</span> <span class='ocrx_word' id='word_1_198' title='bbox 1651 1590 1720 1620; x_wconf 91' lang='lat' dir='ltr'>res</span> <span class='ocrx_word' id='word_1_199' title='bbox 1752 1590 1798 1620; x_wconf 90' lang='lat' dir='ltr'>se</span> <span class='ocrx_word' id='word_1_200' title='bbox 1830 1578 1975 1632; x_wconf 88' lang='lat' dir='ltr'>habet,</span> 
     </span>
     <span class='ocr_line' id='line_1_22' title="bbox 356 1637 1976 1690; baseline 0.001 -12"><span class='ocrx_word' id='word_1_201' title='bbox 356 1637 617 1689; x_wconf 67' lang='lat' dir='ltr'>Ps-Lysiam</span> <span class='ocrx_word' id='word_1_202' title='bbox 650 1637 718 1678; x_wconf 88' lang='lat' dir='ltr'>hic</span> <span class='ocrx_word' id='word_1_203' title='bbox 752 1637 989 1689; x_wconf 86' lang='lat' dir='ltr'>opinionem</span> <span class='ocrx_word' id='word_1_204' title='bbox 1022 1637 1298 1679; x_wconf 86' lang='lat' dir='ltr'>Andocideae</span> <span class='ocrx_word' id='word_1_205' title='bbox 1330 1637 1591 1679; x_wconf 89' lang='lat' dir='ltr'>contrariam</span> <span class='ocrx_word' id='word_1_206' title='bbox 1623 1637 1852 1690; x_wconf 89' lang='lat' dir='ltr'>perhibere</span> <span class='ocrx_word' id='word_1_207' title='bbox 1885 1649 1976 1679; x_wconf 89' lang='lat' dir='ltr'>cer-</span> 
     </span>
     <span class='ocr_line' id='line_1_23' title="bbox 355 1696 1754 1748; baseline 0.001 -12"><span class='ocrx_word' id='word_1_208' title='bbox 355 1704 441 1736; x_wconf 80' lang='lat' dir='ltr'>tuin</span> <span class='ocrx_word' id='word_1_209' title='bbox 476 1701 552 1739; x_wconf 72' lang='lat' dir='ltr'>est.</span> <span class='ocrx_word' id='word_1_210' title='bbox 585 1708 692 1747; x_wconf 81' lang='lat' dir='ltr'>quae</span> <span class='ocrx_word' id='word_1_211' title='bbox 726 1708 776 1736; x_wconf 82' lang='lat' dir='ltr'>ex</span> <span class='ocrx_word' id='word_1_212' title='bbox 808 1696 871 1737; x_wconf 92' lang='lat' dir='ltr'>rei</span> <span class='ocrx_word' id='word_1_213' title='bbox 904 1696 1150 1737; x_wconf 81' lang='lat' dir='ltr'>defensione</span> <span class='ocrx_word' id='word_1_214' title='bbox 1183 1696 1437 1748; x_wconf 90' lang='lat' dir='ltr'>deprompta</span> <span class='ocrx_word' id='word_1_215' title='bbox 1469 1708 1562 1738; x_wconf 89' lang='lat' dir='ltr'>esse</span> <span class='ocrx_word' id='word_1_216' title='bbox 1592 1696 1754 1748; x_wconf 85' lang='lat' dir='ltr'>nequit.</span> 
     </span>
    </p>

    <p class='ocr_par' dir='ltr' id='par_1_4' title="bbox 353 1754 1977 2209">
     <span class='ocr_line' id='line_1_24' title="bbox 476 1754 1976 1808; baseline 0.001 -13"><span class='ocrx_word' id='word_1_217' title='bbox 476 1754 664 1795; x_wconf 77' lang='lat' dir='ltr'>Vidimus</span> <span class='ocrx_word' id='word_1_218' title='bbox 696 1754 831 1807; x_wconf 80' lang='lat' dir='ltr'>igitur</span> <span class='ocrx_word' id='word_1_219' title='bbox 862 1767 999 1806; x_wconf 89' lang='lat' dir='ltr'>neque</span> <span class='ocrx_word' id='word_1_220' title='bbox 1030 1767 1165 1808; x_wconf 87' lang='lat' dir='ltr'>genus</span> <span class='ocrx_word' id='word_1_221' title='bbox 1193 1755 1363 1797; x_wconf 90' lang='lat' dir='ltr'>dicendi</span> <span class='ocrx_word' id='word_1_222' title='bbox 1395 1755 1522 1797; x_wconf 90' lang='lat' dir='ltr'>huius</span> <span class='ocrx_word' id='word_1_223' title='bbox 1554 1755 1763 1797; x_wconf 87' lang='lat' dir='ltr'>orationis</span> <span class='ocrx_word' id='word_1_224' title='bbox 1794 1755 1838 1797; x_wconf 93' lang='lat' dir='ltr'>id</span> <span class='ocrx_word' id='word_1_225' title='bbox 1871 1767 1976 1806; x_wconf 89' lang='lat' dir='ltr'>esse,</span> 
     </span>
     <span class='ocr_line' id='line_1_25' title="bbox 356 1813 1976 1867; baseline 0.003 -16"><span class='ocrx_word' id='word_1_226' title='bbox 356 1825 437 1863; x_wconf 76' lang='lat' dir='ltr'>qno</span> <span class='ocrx_word' id='word_1_227' title='bbox 462 1813 655 1854; x_wconf 77' lang='lat' dir='ltr'>rhetores</span> <span class='ocrx_word' id='word_1_228' title='bbox 678 1813 888 1855; x_wconf 83' lang='lat' dir='ltr'>Demetrii</span> <span class='ocrx_word' id='word_1_229' title='bbox 921 1826 1027 1855; x_wconf 85' lang='lat' dir='ltr'>aevo</span> <span class='ocrx_word' id='word_1_230' title='bbox 1050 1826 1148 1856; x_wconf 90' lang='lat' dir='ltr'>usos</span> <span class='ocrx_word' id='word_1_231' title='bbox 1181 1826 1275 1856; x_wconf 89' lang='lat' dir='ltr'>esse</span> <span class='ocrx_word' id='word_1_232' title='bbox 1305 1814 1474 1867; x_wconf 89' lang='lat' dir='ltr'>scimus,</span> <span class='ocrx_word' id='word_1_233' title='bbox 1507 1818 1551 1856; x_wconf 87' lang='lat' dir='ltr'>et</span> <span class='ocrx_word' id='word_1_234' title='bbox 1582 1818 1814 1867; x_wconf 88' lang='lat' dir='ltr'>auctorem,</span> <span class='ocrx_word' id='word_1_235' title='bbox 1847 1826 1976 1866; x_wconf 90' lang='lat' dir='ltr'>quae-</span> 
     </span>
     <span class='ocr_line' id='line_1_26' title="bbox 355 1872 1976 1927; baseline 0.002 -16"><span class='ocrx_word' id='word_1_236' title='bbox 355 1884 532 1922; x_wconf 68' lang='lat' dir='ltr'>cumque</span> <span class='ocrx_word' id='word_1_237' title='bbox 555 1873 608 1912; x_wconf 91' lang='lat' dir='ltr'>ad</span> <span class='ocrx_word' id='word_1_238' title='bbox 630 1872 904 1914; x_wconf 85' lang='lat' dir='ltr'>Andocideae</span> <span class='ocrx_word' id='word_1_239' title='bbox 927 1873 1086 1914; x_wconf 88' lang='lat' dir='ltr'>aetatis</span> <span class='ocrx_word' id='word_1_240' title='bbox 1108 1885 1177 1914; x_wconf 89' lang='lat' dir='ltr'>res</span> <span class='ocrx_word' id='word_1_241' title='bbox 1200 1873 1402 1927; x_wconf 81' lang='lat' dir='ltr'>attinent,</span> <span class='ocrx_word' id='word_1_242' title='bbox 1434 1877 1524 1915; x_wconf 87' lang='lat' dir='ltr'>tam</span> <span class='ocrx_word' id='word_1_243' title='bbox 1557 1876 1761 1915; x_wconf 87' lang='lat' dir='ltr'>accurate</span> <span class='ocrx_word' id='word_1_244' title='bbox 1791 1873 1976 1927; x_wconf 83' lang='lat' dir='ltr'>novisse,</span> 
     </span>
     <span class='ocr_line' id='line_1_27' title="bbox 354 1932 1976 1986; baseline 0.003 -16"><span class='ocrx_word' id='word_1_245' title='bbox 354 1936 397 1970; x_wconf 85' lang='lat' dir='ltr'>ut</span> <span class='ocrx_word' id='word_1_246' title='bbox 448 1942 654 1982; x_wconf 85' lang='lat' dir='ltr'>nusquam</span> <span class='ocrx_word' id='word_1_247' title='bbox 701 1935 938 1983; x_wconf 86' lang='lat' dir='ltr'>temporum</span> <span class='ocrx_word' id='word_1_248' title='bbox 986 1932 1176 1973; x_wconf 85' lang='lat' dir='ltr'>ordinem</span> <span class='ocrx_word' id='word_1_249' title='bbox 1217 1933 1507 1984; x_wconf 87' lang='lat' dir='ltr'>perturbaret.</span> <span class='ocrx_word' id='word_1_250' title='bbox 1579 1932 1701 1986; x_wconf 81' lang='lat' dir='ltr'>Quae</span> <span class='ocrx_word' id='word_1_251' title='bbox 1741 1944 1881 1985; x_wconf 88' lang='lat' dir='ltr'>neque</span> <span class='ocrx_word' id='word_1_252' title='bbox 1923 1944 1976 1974; x_wconf 85' lang='lat' dir='ltr'>ex</span> 
     </span>
     <span class='ocr_line' id='line_1_28' title="bbox 353 1989 1974 2045; baseline 0.003 -16"><span class='ocrx_word' id='word_1_253' title='bbox 353 1989 584 2030; x_wconf 78' lang='lat' dir='ltr'>Andocidis</span> <span class='ocrx_word' id='word_1_254' title='bbox 621 1990 888 2031; x_wconf 86' lang='lat' dir='ltr'>orationibus</span> <span class='ocrx_word' id='word_1_255' title='bbox 929 2003 1067 2042; x_wconf 91' lang='lat' dir='ltr'>neque</span> <span class='ocrx_word' id='word_1_256' title='bbox 1100 2003 1152 2032; x_wconf 81' lang='lat' dir='ltr'>ex</span> <span class='ocrx_word' id='word_1_257' title='bbox 1184 1991 1390 2033; x_wconf 90' lang='lat' dir='ltr'>historico</span> <span class='ocrx_word' id='word_1_258' title='bbox 1433 1991 1526 2034; x_wconf 87' lang='lat' dir='ltr'>sive</span> <span class='ocrx_word' id='word_1_259' title='bbox 1557 1991 1839 2045; x_wconf 84' lang='lat' dir='ltr'>grammatico</span> <span class='ocrx_word' id='word_1_260' title='bbox 1872 2003 1974 2044; x_wconf 91' lang='lat' dir='ltr'>quo-</span> 
     </span>
     <span class='ocr_line' id='line_1_29' title="bbox 355 2048 1977 2103; baseline 0.004 -16"><span class='ocrx_word' id='word_1_261' title='bbox 355 2048 447 2087; x_wconf 79' lang='lat' dir='ltr'>dam</span> <span class='ocrx_word' id='word_1_262' title='bbox 482 2048 691 2100; x_wconf 76' lang='lat' dir='ltr'>scriptore</span> <span class='ocrx_word' id='word_1_263' title='bbox 715 2049 879 2090; x_wconf 87' lang='lat' dir='ltr'>discere</span> <span class='ocrx_word' id='word_1_264' title='bbox 901 2049 1043 2101; x_wconf 85' lang='lat' dir='ltr'>potuit</span> <span class='ocrx_word' id='word_1_265' title='bbox 1076 2054 1228 2092; x_wconf 89' lang='lat' dir='ltr'>auctor</span> <span class='ocrx_word' id='word_1_266' title='bbox 1248 2050 1473 2103; x_wconf 88' lang='lat' dir='ltr'>posterior,</span> <span class='ocrx_word' id='word_1_267' title='bbox 1505 2063 1643 2102; x_wconf 89' lang='lat' dir='ltr'>neque</span> <span class='ocrx_word' id='word_1_268' title='bbox 1676 2050 1788 2092; x_wconf 89' lang='lat' dir='ltr'>enim</span> <span class='ocrx_word' id='word_1_269' title='bbox 1819 2051 1977 2092; x_wconf 86' lang='lat' dir='ltr'>desunt</span> 
     </span>
     <span class='ocr_line' id='line_1_30' title="bbox 354 2107 1975 2163; baseline 0.004 -17"><span class='ocrx_word' id='word_1_270' title='bbox 354 2113 439 2146; x_wconf 78' lang='lat' dir='ltr'>tani</span> <span class='ocrx_word' id='word_1_271' title='bbox 472 2107 646 2159; x_wconf 87' lang='lat' dir='ltr'>minuta,</span> <span class='ocrx_word' id='word_1_272' title='bbox 691 2120 799 2158; x_wconf 87' lang='lat' dir='ltr'>quae</span> <span class='ocrx_word' id='word_1_273' title='bbox 841 2108 1092 2150; x_wconf 89' lang='lat' dir='ltr'>historicum</span> <span class='ocrx_word' id='word_1_274' title='bbox 1134 2109 1204 2150; x_wconf 90' lang='lat' dir='ltr'>vel</span> <span class='ocrx_word' id='word_1_275' title='bbox 1246 2109 1575 2163; x_wconf 85' lang='lat' dir='ltr'>grammaticum</span> <span class='ocrx_word' id='word_1_276' title='bbox 1615 2109 1847 2152; x_wconf 91' lang='lat' dir='ltr'>memoriae</span> <span class='ocrx_word' id='word_1_277' title='bbox 1877 2121 1975 2162; x_wconf 88' lang='lat' dir='ltr'>pro-</span> 
     </span>
     <span class='ocr_line' id='line_1_31' title="bbox 353 2164 961 2209; baseline 0.008 -5"><span class='ocrx_word' id='word_1_278' title='bbox 353 2164 509 2206; x_wconf 80' lang='lat' dir='ltr'>didisse</span> <span class='ocrx_word' id='word_1_279' title='bbox 543 2165 745 2207; x_wconf 81' lang='lat' dir='ltr'>credibile</span> <span class='ocrx_word' id='word_1_280' title='bbox 778 2179 861 2208; x_wconf 90' lang='lat' dir='ltr'>non</span> <span class='ocrx_word' id='word_1_281' title='bbox 892 2167 961 2209; x_wconf 87' lang='lat' dir='ltr'>sit.</span> 
     </span>
    </p>

    <p class='ocr_par' dir='ltr' id='par_1_5' title="bbox 352 2224 1975 2559">
     <span class='ocr_line' id='line_1_32' title="bbox 469 2224 1975 2280; baseline 0.003 -16"><span class='ocrx_word' id='word_1_282' title='bbox 469 2224 631 2276; x_wconf 74' lang='lat' dir='ltr'>Quibus</span> <span class='ocrx_word' id='word_1_283' title='bbox 664 2225 834 2267; x_wconf 88' lang='lat' dir='ltr'>indiciis</span> <span class='ocrx_word' id='word_1_284' title='bbox 866 2226 1067 2280; x_wconf 87' lang='lat' dir='ltr'>cogimur,</span> <span class='ocrx_word' id='word_1_285' title='bbox 1099 2230 1148 2268; x_wconf 87' lang='lat' dir='ltr'>ut</span> <span class='ocrx_word' id='word_1_286' title='bbox 1181 2227 1418 2268; x_wconf 88' lang='lat' dir='ltr'>orationem</span> <span class='ocrx_word' id='word_1_287' title='bbox 1451 2227 1504 2269; x_wconf 90' lang='lat' dir='ltr'>ab</span> <span class='ocrx_word' id='word_1_288' title='bbox 1534 2227 1770 2269; x_wconf 90' lang='lat' dir='ltr'>Andocidis</span> <span class='ocrx_word' id='word_1_289' title='bbox 1803 2226 1975 2279; x_wconf 85' lang='lat' dir='ltr'>aequali</span> 
     </span>
     <span class='ocr_line' id='line_1_33' title="bbox 353 2282 1974 2338; baseline 0.006 -19"><span class='ocrx_word' id='word_1_290' title='bbox 353 2282 589 2323; x_wconf 75' lang='lat' dir='ltr'>confectam</span> <span class='ocrx_word' id='word_1_291' title='bbox 624 2296 715 2324; x_wconf 73' lang='lat' dir='ltr'>esse</span> <span class='ocrx_word' id='word_1_292' title='bbox 749 2296 1015 2337; x_wconf 78' lang='lat' dir='ltr'>censeamus3</span> <span class='ocrx_word' id='word_1_293' title='bbox 1049 2297 1100 2327; x_wconf 85' lang='lat' dir='ltr'>ac</span> <span class='ocrx_word' id='word_1_294' title='bbox 1126 2286 1322 2338; x_wconf 78' lang='lat' dir='ltr'>profecto</span> <span class='ocrx_word' id='word_1_295' title='bbox 1355 2298 1499 2328; x_wconf 90' lang='lat' dir='ltr'>omnes</span> <span class='ocrx_word' id='word_1_296' title='bbox 1531 2287 1623 2328; x_wconf 79' lang='lat' dir='ltr'>fere</span> <span class='ocrx_word' id='word_1_297' title='bbox 1654 2286 1740 2328; x_wconf 89' lang='lat' dir='ltr'>viri</span> <span class='ocrx_word' id='word_1_298' title='bbox 1773 2286 1889 2328; x_wconf 87' lang='lat' dir='ltr'>docti</span> <span class='ocrx_word' id='word_1_299' title='bbox 1921 2286 1974 2328; x_wconf 89' lang='lat' dir='ltr'>de</span> 
     </span>
     <span class='ocr_line' id='line_1_34' title="bbox 354 2341 1975 2398; baseline 0.004 -18"><span class='ocrx_word' id='word_1_300' title='bbox 354 2341 431 2380; x_wconf 77' lang='lat' dir='ltr'>linc</span> <span class='ocrx_word' id='word_1_301' title='bbox 466 2353 510 2380; x_wconf 74' lang='lat' dir='ltr'>re</span> <span class='ocrx_word' id='word_1_302' title='bbox 552 2354 662 2382; x_wconf 90' lang='lat' dir='ltr'>nunc</span> <span class='ocrx_word' id='word_1_303' title='bbox 700 2343 993 2396; x_wconf 75' lang='lat' dir='ltr'>consentiunt,</span> <span class='ocrx_word' id='word_1_304' title='bbox 1037 2356 1085 2386; x_wconf 92' lang='lat' dir='ltr'>eo</span> <span class='ocrx_word' id='word_1_305' title='bbox 1127 2345 1266 2398; x_wconf 86' lang='lat' dir='ltr'>magis</span> <span class='ocrx_word' id='word_1_306' title='bbox 1307 2345 1522 2397; x_wconf 90' lang='lat' dir='ltr'>miramur,</span> <span class='ocrx_word' id='word_1_307' title='bbox 1565 2346 1677 2397; x_wconf 87' lang='lat' dir='ltr'>quod</span> <span class='ocrx_word' id='word_1_308' title='bbox 1709 2345 1777 2388; x_wconf 88' lang='lat' dir='ltr'>W.</span> <span class='ocrx_word' id='word_1_309' title='bbox 1800 2345 1975 2388; x_wconf 88' lang='lat' dir='ltr'>Schmid</span> 
     </span>
     <span class='ocr_line' id='line_1_35' title="bbox 354 2399 1975 2456; baseline 0.005 -18"><span class='ocrx_word' id='word_1_310' title='bbox 354 2399 377 2439; x_wconf 95' lang='grc'>1.</span> <span class='ocrx_word' id='word_1_311' title='bbox 402 2414 434 2439; x_wconf 84' lang='lat'>‹·.</span> <span class='ocrx_word' id='word_1_312' title='bbox 469 2412 558 2440; x_wconf 83' lang='lat' dir='ltr'>eain</span> <span class='ocrx_word' id='word_1_313' title='bbox 592 2413 673 2441; x_wconf 85' lang='lat' dir='ltr'>non</span> <span class='ocrx_word' id='word_1_314' title='bbox 706 2402 839 2442; x_wconf 79' lang='lat' dir='ltr'>inulto</span> <span class='ocrx_word' id='word_1_315' title='bbox 873 2407 973 2444; x_wconf 88' lang='lat' dir='ltr'>ante</span> <span class='ocrx_word' id='word_1_316' title='bbox 995 2403 1383 2455; x_wconf 86' lang='lat' dir='ltr'>Harpocrationem</span> <span class='ocrx_word' id='word_1_317' title='bbox 1406 2404 1694 2456; x_wconf 90' lang='lat' dir='ltr'>conscriptam</span> <span class='ocrx_word' id='word_1_318' title='bbox 1726 2416 1820 2446; x_wconf 88' lang='lat' dir='ltr'>esse</span> <span class='ocrx_word' id='word_1_319' title='bbox 1851 2408 1975 2446; x_wconf 84' lang='lat' dir='ltr'>ratus</span> 
     </span>
     <span class='ocr_line' id='line_1_36' title="bbox 356 2457 1973 2557; baseline 0.005 -60"><span class='ocrx_word' id='word_1_320' title='bbox 356 2457 491 2557; x_wconf 66' lang='lat' dir='ltr'>ctiainl</span> <span class='ocrx_word' id='word_1_321' title='bbox 508 2459 734 2510; x_wconf 83' lang='lat' dir='ltr'>posteriori</span> <span class='ocrx_word' id='word_1_322' title='bbox 769 2461 904 2502; x_wconf 84' lang='lat' dir='ltr'>aetati</span> <span class='ocrx_word' id='word_1_323' title='bbox 939 2462 1210 2504; x_wconf 89' lang='lat' dir='ltr'>tribuendam</span> <span class='ocrx_word' id='word_1_324' title='bbox 1234 2475 1327 2504; x_wconf 91' lang='lat' dir='ltr'>esse</span> <span class='ocrx_word' id='word_1_325' title='bbox 1349 2463 1561 2505; x_wconf 80' lang='lat' dir='ltr'>iudicavit</span> <span class='ocrx_word' id='word_1_326' title='bbox 1583 2475 1710 2515; x_wconf 89' lang='lat' dir='ltr'>quam</span> <span class='ocrx_word' id='word_1_327' title='bbox 1733 2463 1973 2505; x_wconf 87' lang='lat' dir='ltr'>arbitratus</span> 
     </span>
     <span class='ocr_line' id='line_1_37' title="bbox 352 2517 619 2559; baseline 0.022 -6"><span class='ocrx_word' id='word_1_328' title='bbox 352 2522 413 2556; x_wconf 67' lang='lat' dir='ltr'>cst</span> <span class='ocrx_word' id='word_1_329' title='bbox 449 2519 476 2554; x_wconf 64' lang='lat' dir='ltr'>S</span> <span class='ocrx_word' id='word_1_330' title='bbox 499 2517 619 2559; x_wconf 85' lang='lat' dir='ltr'>niter.</span> 
     </span>
    </p>
   </div>
   <div class='ocr_carea' id='block_1_3' title="bbox 352 2703 1972 2765">
    <p class='ocr_par' dir='ltr' id='par_1_6' title="bbox 352 2703 1972 2765">
     <span class='ocr_line' id='line_1_38' title="bbox 352 2703 1972 2765; baseline 0.006 -10"><span class='ocrx_word' id='word_1_331' title='bbox 352 2703 433 2756; x_wconf 86' lang='grc' dir='ltr'><strong>ΙΙΙ.</strong></span> <span class='ocrx_word' id='word_1_332' title='bbox 475 2705 675 2758; x_wconf 85' lang='lat' dir='ltr'>Utrum</span> <span class='ocrx_word' id='word_1_333' title='bbox 716 2706 771 2758; x_wconf 87' lang='lat' dir='ltr'>in</span> <span class='ocrx_word' id='word_1_334' title='bbox 812 2707 1026 2761; x_wconf 87' lang='lat' dir='ltr'>iudicio</span> <span class='ocrx_word' id='word_1_335' title='bbox 1067 2709 1273 2763; x_wconf 87' lang='lat' dir='ltr'>habita</span> <span class='ocrx_word' id='word_1_336' title='bbox 1311 2711 1391 2764; x_wconf 88' lang='lat' dir='ltr'>sit</span> <span class='ocrx_word' id='word_1_337' title='bbox 1429 2712 1625 2765; x_wconf 86' lang='lat' dir='ltr'>oratio</span> <span class='ocrx_word' id='word_1_338' title='bbox 1652 2711 1740 2765; x_wconf 86' lang='lat' dir='ltr'>vl.</span> <span class='ocrx_word' id='word_1_339' title='bbox 1767 2725 1972 2765; x_wconf 87' lang='lat' dir='ltr'>necne.</span> 
     </span>
    </p>
   </div>
   <div class='ocr_carea' id='block_1_4' title="bbox 351 2810 1972 3046">
    <p class='ocr_par' dir='ltr' id='par_1_7' title="bbox 351 2810 1972 3046">
     <span class='ocr_line' id='line_1_39' title="bbox 454 2810 1971 2874; baseline 0.006 -24"><span class='ocrx_word' id='word_1_340' title='bbox 454 2810 620 2874; x_wconf 33' lang='lat' dir='ltr'>’Verum</span> <span class='ocrx_word' id='word_1_341' title='bbox 666 2823 918 2864; x_wconf 82' lang='lat' dir='ltr'>quamquam</span> <span class='ocrx_word' id='word_1_342' title='bbox 962 2815 1013 2856; x_wconf 89' lang='lat' dir='ltr'>de</span> <span class='ocrx_word' id='word_1_343' title='bbox 1056 2815 1182 2858; x_wconf 90' lang='lat' dir='ltr'>huius</span> <span class='ocrx_word' id='word_1_344' title='bbox 1225 2816 1434 2859; x_wconf 88' lang='lat' dir='ltr'>orationis</span> <span class='ocrx_word' id='word_1_345' title='bbox 1482 2821 1629 2859; x_wconf 89' lang='lat' dir='ltr'>aetate</span> <span class='ocrx_word' id='word_1_346' title='bbox 1671 2817 1845 2870; x_wconf 86' lang='lat' dir='ltr'>plurimi</span> <span class='ocrx_word' id='word_1_347' title='bbox 1886 2817 1971 2859; x_wconf 82' lang='lat' dir='ltr'>viri</span> 
     </span>
     <span class='ocr_line' id='line_1_40' title="bbox 351 2868 1971 2930; baseline 0.01 -27"><span class='ocrx_word' id='word_1_348' title='bbox 351 2868 463 2908; x_wconf 65' lang='lat' dir='ltr'>«loeti</span> <span class='ocrx_word' id='word_1_349' title='bbox 504 2869 761 2923; x_wconf 84' lang='lat' dir='ltr'>conspirant,</span> <span class='ocrx_word' id='word_1_350' title='bbox 804 2872 981 2914; x_wconf 86' lang='lat' dir='ltr'>multum</span> <span class='ocrx_word' id='word_1_351' title='bbox 1025 2874 1208 2916; x_wconf 79' lang='lat' dir='ltr'>invicem</span> <span class='ocrx_word' id='word_1_352' title='bbox 1242 2876 1499 2930; x_wconf 89' lang='lat' dir='ltr'>disceptant,</span> <span class='ocrx_word' id='word_1_353' title='bbox 1541 2881 1685 2918; x_wconf 90' lang='lat' dir='ltr'>utrum</span> <span class='ocrx_word' id='word_1_354' title='bbox 1726 2876 1771 2918; x_wconf 92' lang='lat' dir='ltr'>in</span> <span class='ocrx_word' id='word_1_355' title='bbox 1812 2876 1971 2918; x_wconf 91' lang='lat' dir='ltr'>iudicio</span> 
     </span>
     <span class='ocr_line' id='line_1_41' title="bbox 352 2926 1972 2988; baseline 0.008 -24"><span class='ocrx_word' id='word_1_356' title='bbox 352 2926 498 2967; x_wconf 74' lang='lat' dir='ltr'>habita</span> <span class='ocrx_word' id='word_1_357' title='bbox 521 2928 575 2968; x_wconf 71' lang='lat' dir='ltr'>sit</span> <span class='ocrx_word' id='word_1_358' title='bbox 600 2941 742 2970; x_wconf 80' lang='lat' dir='ltr'>necne.</span> <span class='ocrx_word' id='word_1_359' title='bbox 774 2930 814 2971; x_wconf 81' lang='lat' dir='ltr'>J.</span> <span class='ocrx_word' id='word_1_360' title='bbox 833 2931 942 2972; x_wconf 89' lang='lat' dir='ltr'>enim</span> <span class='ocrx_word' id='word_1_361' title='bbox 966 2932 1139 2985; x_wconf 92' lang='lat' dir='ltr'>Lipsius</span> <span class='ocrx_word' id='word_1_362' title='bbox 1171 2935 1344 2982; x_wconf 83' lang='lat' dir='ltr'>(Andoc.</span> <span class='ocrx_word' id='word_1_363' title='bbox 1368 2939 1476 2977; x_wconf 88' lang='lat' dir='ltr'>orat.</span> <span class='ocrx_word' id='word_1_364' title='bbox 1499 2935 1562 2978; x_wconf 91' lang='lat' dir='ltr'>ed.</span> <span class='ocrx_word' id='word_1_365' title='bbox 1585 2939 1760 2978; x_wconf 88' lang='lat' dir='ltr'>stereot.</span> <span class='ocrx_word' id='word_1_366' title='bbox 1792 2935 1972 2988; x_wconf 89' lang='lat' dir='ltr'>Lipsiae</span> 
     </span>
     <span class='ocr_line' id='line_1_42' title="bbox 354 2985 1971 3046; baseline 0.008 -23"><span class='ocrx_word' id='word_1_367' title='bbox 354 2985 462 3024; x_wconf 62' lang='lat'>1888</span> <span class='ocrx_word' id='word_1_368' title='bbox 505 2998 541 3037; x_wconf 80' lang='lat' dir='ltr'>p.</span> <span class='ocrx_word' id='word_1_369' title='bbox 571 2987 610 3027; x_wconf 84' lang='lat' dir='ltr'>X</span> <span class='ocrx_word' id='word_1_370' title='bbox 659 2989 940 3039; x_wconf 77' lang='lat' dir='ltr'>praefationis</span> <span class='ocrx_word' id='word_1_371' title='bbox 986 3003 1024 3032; x_wconf 92' lang='lat' dir='ltr'>n.</span> <span class='ocrx_word' id='word_1_372' title='bbox 1053 2991 1121 3044; x_wconf 77' lang='lat'>35&gt;</span> <span class='ocrx_word' id='word_1_373' title='bbox 1171 3005 1350 3045; x_wconf 87' lang='lat' dir='ltr'>eumque</span> <span class='ocrx_word' id='word_1_374' title='bbox 1397 2999 1570 3036; x_wconf 89' lang='lat' dir='ltr'>secutus</span> <span class='ocrx_word' id='word_1_375' title='bbox 1615 2995 1656 3037; x_wconf 82' lang='lat' dir='ltr'>J.</span> <span class='ocrx_word' id='word_1_376' title='bbox 1684 2994 1827 3036; x_wconf 89' lang='lat' dir='ltr'>Bruns</span> <span class='ocrx_word' id='word_1_377' title='bbox 1866 2994 1971 3046; x_wconf 88' lang='lat' dir='ltr'>(Das</span> 
     </span>
    </p>
   </div>
   <div class='ocr_carea' id='block_1_5' title="bbox 2034 0 2077 3430">
    <p class='ocr_par' dir='ltr' id='par_1_8' title="bbox 2034 0 2077 3430">
     <span class='ocr_line' id='line_1_43' title="bbox 2034 0 2077 3430; baseline 0 0"><span class='ocrx_word' id='word_1_378' title='bbox 2034 0 2077 3430; x_wconf 95' lang='lat' dir='ltr'> </span> 
     </span>
    </p>
   </div>
  </div>
 </body>
</html>
